<?xml version="1.0" encoding="UTF-8"?>
<!-- Search-Engine-Total-Number-Of-Results: 200 -->
<collection xmlns="http://www.loc.gov/MARC21/slim">
<record>
  <controlfield tag="000">03059cam a2200529#a 4500</controlfield>
  <controlfield tag="001">515307</controlfield>
  <controlfield tag="005">20210702052616.0</controlfield>
  <controlfield tag="008">040213c2004    usa     r     00010 eng d</controlfield>
  <datafield tag="029" ind1=" " ind2=" ">
    <subfield code="a">JN</subfield>
    <subfield code="b">N0420941 E</subfield>
  </datafield>
  <datafield tag="035" ind1=" " ind2=" ">
    <subfield code="a">D733910X</subfield>
    <subfield code="z">D0303478</subfield>
  </datafield>
  <datafield tag="035" ind1=" " ind2=" ">
    <subfield code="a">(DHL)733910</subfield>
  </datafield>
  <datafield tag="039" ind1=" " ind2=" ">
    <subfield code="a">DHU</subfield>
  </datafield>
  <datafield tag="040" ind1=" " ind2=" ">
    <subfield code="a">NNUN</subfield>
    <subfield code="b">eng</subfield>
  </datafield>
  <datafield tag="041" ind1="0" ind2=" ">
    <subfield code="a">arachiengfrerusspa</subfield>
  </datafield>
  <datafield tag="049" ind1=" " ind2=" ">
    <subfield code="a">USA</subfield>
  </datafield>
  <datafield tag="089" ind1=" " ind2=" ">
    <subfield code="b">B21</subfield>
  </datafield>
  <datafield tag="091" ind1=" " ind2=" ">
    <subfield code="a">GEN</subfield>
  </datafield>
  <datafield tag="099" ind1=" " ind2=" ">
    <subfield code="a">UNH</subfield>
    <subfield code="b">DHU</subfield>
  </datafield>
  <datafield tag="191" ind1=" " ind2=" ">
    <subfield code="a">E/CN.6/2004/NGO/4</subfield>
    <subfield code="b">E/CN.6/</subfield>
    <subfield code="c">48</subfield>
    <subfield code="f">4.1670</subfield>
    <subfield code="q">ECN62004NGO4</subfield>
    <subfield code="r">ECN648</subfield>
    <subfield code="0">(DHLAUTH)653598</subfield>
  </datafield>
  <datafield tag="239" ind1="1" ind2="0">
    <subfield code="a">Follow-up to the 4th World Conference on Women and to the special session of the General Assembly entitled "Women 2000 : gender equality, development and peace for the 21st century" : implementation of strategic objectives and action in the critical areas of concern and further actions and initiatives : women's equal participation in conflict prevention, management and conflict resolution and in post-conflict peace-building : statement</subfield>
  </datafield>
  <datafield tag="245" ind1="0" ind2="0">
    <subfield code="a">Statement /</subfield>
    <subfield code="c">submitted by International Federation of Business and Professional Women and Zonta International ; Associated Country Women of the World, Centre for Women, the Earth, the Divine, European Union of Women, International Association of Democratic Lawyers, National Council of German Women's Organization, Salvation Army and Socialist International Women</subfield>
  </datafield>
  <datafield tag="260" ind1=" " ind2=" ">
    <subfield code="a">[New York] :</subfield>
    <subfield code="b">UN,</subfield>
    <subfield code="c">14 Jan. 2004</subfield>
  </datafield>
  <datafield tag="269" ind1=" " ind2=" ">
    <subfield code="a">2004-01-14</subfield>
  </datafield>
  <datafield tag="300" ind1=" " ind2=" ">
    <subfield code="a">3 p.</subfield>
  </datafield>
  <datafield tag="650" ind1="1" ind2="7">
    <subfield code="a">WOMEN</subfield>
    <subfield code="2">unbist</subfield>
    <subfield code="0">(DHLAUTH)273032</subfield>
  </datafield>
  <datafield tag="650" ind1="1" ind2="7">
    <subfield code="a">ARMED CONFLICTS</subfield>
    <subfield code="2">unbist</subfield>
    <subfield code="0">(DHLAUTH)268752</subfield>
  </datafield>
  <datafield tag="650" ind1="1" ind2="7">
    <subfield code="a">GENDER-BASED VIOLENCE</subfield>
    <subfield code="2">unbist</subfield>
    <subfield code="0">(DHLAUTH)276684</subfield>
  </datafield>
  <datafield tag="650" ind1="1" ind2="7">
    <subfield code="a">PEACEKEEPING OPERATIONS</subfield>
    <subfield code="2">unbist</subfield>
    <subfield code="0">(DHLAUTH)474428</subfield>
  </datafield>
  <datafield tag="650" ind1="1" ind2="7">
    <subfield code="a">PREVENTIVE DIPLOMACY</subfield>
    <subfield code="2">unbist</subfield>
    <subfield code="0">(DHLAUTH)268591</subfield>
  </datafield>
  <datafield tag="710" ind1="2" ind2=" ">
    <subfield code="a">International Federation of Business and Professional Women</subfield>
    <subfield code="0">(DHLAUTH)51391</subfield>
  </datafield>
  <datafield tag="710" ind1="2" ind2=" ">
    <subfield code="a">Zonta International</subfield>
    <subfield code="0">(DHLAUTH)55765</subfield>
  </datafield>
  <datafield tag="710" ind1="2" ind2=" ">
    <subfield code="a">Associated Country Women of the World</subfield>
    <subfield code="0">(DHLAUTH)57137</subfield>
  </datafield>
  <datafield tag="710" ind1="2" ind2=" ">
    <subfield code="a">Centre for Women, the Earth, the Divine</subfield>
    <subfield code="0">(DHLAUTH)489073</subfield>
  </datafield>
  <datafield tag="710" ind1="2" ind2=" ">
    <subfield code="a">European Union of Women</subfield>
    <subfield code="0">(DHLAUTH)72189</subfield>
  </datafield>
  <datafield tag="710" ind1="2" ind2=" ">
    <subfield code="a">International Association of Democratic Lawyers</subfield>
    <subfield code="0">(DHLAUTH)55671</subfield>
  </datafield>
  <datafield tag="710" ind1="2" ind2=" ">
    <subfield code="a">Deutscher Frauenrat</subfield>
    <subfield code="0">(DHLAUTH)214251</subfield>
  </datafield>
  <datafield tag="710" ind1="2" ind2=" ">
    <subfield code="a">Salvation Army</subfield>
    <subfield code="0">(DHLAUTH)57319</subfield>
  </datafield>
  <datafield tag="710" ind1="2" ind2=" ">
    <subfield code="a">Socialist International Women</subfield>
    <subfield code="0">(DHLAUTH)27620</subfield>
  </datafield>
  <datafield tag="856" ind1="4" ind2=" ">
    <subfield code="y">العربية</subfield>
    <subfield code="9">06c36833-51bc-4d22-8cb8-5e055734656b</subfield>
    <subfield code="s">128392</subfield>
    <subfield code="u">https://digitallibrary.un.org/record/515307/files/E_CN.6_2004_NGO_4-AR.pdf</subfield>
  </datafield>
  <datafield tag="856" ind1="4" ind2=" ">
    <subfield code="y">English</subfield>
    <subfield code="9">e037d3b0-9209-46c6-93e1-760ff539f087</subfield>
    <subfield code="s">29265</subfield>
    <subfield code="u">https://digitallibrary.un.org/record/515307/files/E_CN.6_2004_NGO_4-EN.pdf</subfield>
  </datafield>
  <datafield tag="856" ind1="4" ind2=" ">
    <subfield code="y">Español</subfield>
    <subfield code="9">0b9c11b1-afad-43d1-8cc8-f38a3437ecaf</subfield>
    <subfield code="s">111469</subfield>
    <subfield code="u">https://digitallibrary.un.org/record/515307/files/E_CN.6_2004_NGO_4-ES.pdf</subfield>
  </datafield>
  <datafield tag="856" ind1="4" ind2=" ">
    <subfield code="y">Français</subfield>
    <subfield code="9">1f89d996-1755-44a1-b00f-11e6976a7dab</subfield>
    <subfield code="s">105068</subfield>
    <subfield code="u">https://digitallibrary.un.org/record/515307/files/E_CN.6_2004_NGO_4-FR.pdf</subfield>
  </datafield>
  <datafield tag="856" ind1="4" ind2=" ">
    <subfield code="y">Русский</subfield>
    <subfield code="9">fbd858cf-0124-4742-809b-8a44b62d4bfd</subfield>
    <subfield code="s">156825</subfield>
    <subfield code="u">https://digitallibrary.un.org/record/515307/files/E_CN.6_2004_NGO_4-RU.pdf</subfield>
  </datafield>
  <datafield tag="856" ind1="4" ind2=" ">
    <subfield code="y">中文</subfield>
    <subfield code="9">5aa9ddbd-606a-4830-9d2d-290ec52522c7</subfield>
    <subfield code="s">282905</subfield>
    <subfield code="u">https://digitallibrary.un.org/record/515307/files/E_CN.6_2004_NGO_4-ZH.pdf</subfield>
  </datafield>
  <datafield tag="930" ind1=" " ind2=" ">
    <subfield code="a">UNDJA04</subfield>
  </datafield>
  <datafield tag="930" ind1=" " ind2=" ">
    <subfield code="a">UDIQ403</subfield>
    <subfield code="b">4.1670</subfield>
  </datafield>
  <datafield tag="949" ind1=" " ind2=" ">
    <subfield code="9">E/CN.6/2004/NGO/4</subfield>
    <subfield code="b">1195893.4.1</subfield>
    <subfield code="i">1195893</subfield>
    <subfield code="k">unas</subfield>
    <subfield code="c">c. 1</subfield>
    <subfield code="l">DHL</subfield>
    <subfield code="z">t</subfield>
    <subfield code="m">14day</subfield>
    <subfield code="d">20040213000000</subfield>
  </datafield>
  <datafield tag="949" ind1=" " ind2=" ">
    <subfield code="9">E/CN.6/2004/NGO/4</subfield>
    <subfield code="b">1195892.3.1</subfield>
    <subfield code="i">1195892</subfield>
    <subfield code="k">unrs</subfield>
    <subfield code="c">c. 1</subfield>
    <subfield code="l">DHL</subfield>
    <subfield code="z">t</subfield>
    <subfield code="m">14day</subfield>
    <subfield code="d">20040213000000</subfield>
  </datafield>
  <datafield tag="949" ind1=" " ind2=" ">
    <subfield code="9">E/CN.6/2004/NGO/4</subfield>
    <subfield code="b">1195891.2.1</subfield>
    <subfield code="i">1195891</subfield>
    <subfield code="k">unss</subfield>
    <subfield code="c">c. 1</subfield>
    <subfield code="l">DHL</subfield>
    <subfield code="z">t</subfield>
    <subfield code="m">14day</subfield>
    <subfield code="d">20040213000000</subfield>
  </datafield>
  <datafield tag="949" ind1=" " ind2=" ">
    <subfield code="9">E/CN.6/2004/NGO/4</subfield>
    <subfield code="b">1195890.1.1</subfield>
    <subfield code="i">1195890</subfield>
    <subfield code="k">unfs</subfield>
    <subfield code="c">c. 1</subfield>
    <subfield code="l">DHL</subfield>
    <subfield code="z">t</subfield>
    <subfield code="m">14day</subfield>
    <subfield code="d">20040213000000</subfield>
  </datafield>
  <datafield tag="949" ind1=" " ind2=" ">
    <subfield code="9">E/CN.6/2004/NGO/4</subfield>
    <subfield code="b">1195894.5.1</subfield>
    <subfield code="i">1195894</subfield>
    <subfield code="k">uncs</subfield>
    <subfield code="c">c. 1</subfield>
    <subfield code="l">DHL</subfield>
    <subfield code="z">t</subfield>
    <subfield code="m">14day</subfield>
    <subfield code="d">20040213000000</subfield>
  </datafield>
  <datafield tag="949" ind1=" " ind2=" ">
    <subfield code="9">E/CN.6/2004/NGO/4</subfield>
    <subfield code="b">7339101</subfield>
    <subfield code="i">1195889</subfield>
    <subfield code="k">unes</subfield>
    <subfield code="c">c. 1</subfield>
    <subfield code="l">DHL</subfield>
    <subfield code="z">t</subfield>
    <subfield code="m">14day</subfield>
    <subfield code="d">20040213000000</subfield>
  </datafield>
  <datafield tag="980" ind1=" " ind2=" ">
    <subfield code="a">BIB</subfield>
  </datafield>
  <datafield tag="981" ind1=" " ind2=" ">
    <subfield code="a">Economic and Social Council</subfield>
  </datafield>
  <datafield tag="989" ind1=" " ind2=" ">
    <subfield code="a">Documents and Publications</subfield>
    <subfield code="b">NGO Written Statements</subfield>
  </datafield>
  <datafield tag="991" ind1=" " ind2=" ">
    <subfield code="a">E/CN.6/2004/1</subfield>
    <subfield code="b">3cii</subfield>
    <subfield code="c">Women's equal participation in conflict prevention, management and conflict resolution and in post-conflict peace-building.</subfield>
    <subfield code="0">(DHLAUTH)656183</subfield>
  </datafield>
  <datafield tag="998" ind1=" " ind2=" ">
    <subfield code="a">20040213144000</subfield>
    <subfield code="b">nmcs</subfield>
    <subfield code="c">20210701135800</subfield>
    <subfield code="d">sh35cat</subfield>
    <subfield code="x">0x00010000c3bfbc20</subfield>
    <subfield code="z">20210701202950</subfield>
  </datafield>
  <datafield tag="999" ind1=" " ind2=" ">
    <subfield code="a">SLr20040224</subfield>
    <subfield code="b">20040224</subfield>
    <subfield code="c">r</subfield>
  </datafield>
  <datafield tag="999" ind1=" " ind2=" ">
    <subfield code="a">nvc20040223</subfield>
    <subfield code="b">20040223</subfield>
    <subfield code="c">c</subfield>
  </datafield>
  <datafield tag="999" ind1=" " ind2=" ">
    <subfield code="a">lcp20040223</subfield>
    <subfield code="b">20040223</subfield>
    <subfield code="c">p</subfield>
  </datafield>
  <datafield tag="999" ind1=" " ind2=" ">
    <subfield code="a">nmq20040213</subfield>
    <subfield code="b">20040213</subfield>
    <subfield code="c">q</subfield>
  </datafield>
</record>