
<record>
  <controlfield tag="000">00000nam a2200025#a ||||</controlfield>
  <controlfield tag="001">3963970</controlfield>
  <controlfield tag="005">20220309145244.0</controlfield>
  <controlfield tag="008">220309t2021    usa    g     i||110 eng  </controlfield>
  <datafield tag="035" ind1=" " ind2=" ">
    <subfield code="a">(DHL)1333266</subfield>
  </datafield>
  <datafield tag="039" ind1=" " ind2=" ">
    <subfield code="a">DHU</subfield>
  </datafield>
  <datafield tag="040" ind1=" " ind2=" ">
    <subfield code="a">NNUN</subfield>
    <subfield code="b">eng</subfield>
  </datafield>
  <datafield tag="041" ind1="0" ind2=" ">
    <subfield code="a">eng</subfield>
  </datafield>
  <datafield tag="049" ind1=" " ind2=" ">
    <subfield code="a">usa</subfield>
  </datafield>
  <datafield tag="089" ind1=" " ind2=" ">
    <subfield code="b">B19</subfield>
  </datafield>
  <datafield tag="091" ind1=" " ind2=" ">
    <subfield code="a">GER</subfield>
  </datafield>
  <datafield tag="099" ind1=" " ind2=" ">
    <subfield code="a">UNH</subfield>
    <subfield code="b">DHU</subfield>
  </datafield>
  <datafield tag="245" ind1="1" ind2="0">
    <subfield code="a">Women's leadership and meaningful participation in peacekeeping contexts : Department of Peace Operations practice note</subfield>
  </datafield>
  <datafield tag="260" ind1=" " ind2=" ">
    <subfield code="a">New York :</subfield>
    <subfield code="b">UN Department of Peace Operations,</subfield>
    <subfield code="c">Dec. 2021</subfield>
  </datafield>
  <datafield tag="269" ind1=" " ind2=" ">
    <subfield code="a">2021-12</subfield>
  </datafield>
  <datafield tag="300" ind1=" " ind2=" ">
    <subfield code="a">18 p. :</subfield>
    <subfield code="b">ill.</subfield>
  </datafield>
  <datafield tag="505" ind1="0" ind2="1">
    <subfield code="t">Executive summary --</subfield>
    <subfield code="t">Objective, scope and purpose --</subfield>
    <subfield code="g">Overview:</subfield>
    <subfield code="t">WPS in UN Peacekeeping Contexts --</subfield>
    <subfield code="t">The normative appeal to women's leadership, and full, equal and meaningful participation --</subfield>
    <subfield code="t">Good practices from Peacekeeping Missions.</subfield>
  </datafield>
  <datafield tag="561" ind1=" " ind2=" ">
    <subfield code="a">Captured 9 Mar. 2022</subfield>
    <subfield code="u">https://peacekeeping.un.org/sites/default/files/dpo_practice_note_womens_leadership_and_meaningful_participation_2021_final.pdf</subfield>
  </datafield>
  <datafield tag="650" ind1="1" ind2="7">
    <subfield code="a">WOMEN</subfield>
    <subfield code="2">unbist</subfield>
    <subfield code="0">(DHLAUTH)273032</subfield>
  </datafield>
  <datafield tag="650" ind1="1" ind2="7">
    <subfield code="a">LEADERSHIP</subfield>
    <subfield code="2">unbist</subfield>
    <subfield code="0">(DHLAUTH)268939</subfield>
  </datafield>
  <datafield tag="650" ind1="1" ind2="7">
    <subfield code="a">PEACEKEEPING OPERATIONS</subfield>
    <subfield code="2">unbist</subfield>
    <subfield code="0">(DHLAUTH)474428</subfield>
  </datafield>
  <datafield tag="710" ind1="2" ind2=" ">
    <subfield code="a">UN. Department of Peace Operations</subfield>
    <subfield code="0">(DHLAUTH)888539</subfield>
  </datafield>
  <datafield tag="856" ind1="4" ind2=" ">
    <subfield code="y">English</subfield>
    <subfield code="9">c087b7e6-0108-4371-ab92-8f7ae95fffb4</subfield>
    <subfield code="s">19938720</subfield>
    <subfield code="u">https://digitallibrary.un.org/record/3963970/files/dpo_practice_note_womens_leadership_and_meaningful_participation_2021_final.pdf</subfield>
  </datafield>
  <datafield tag="930" ind1=" " ind2=" ">
    <subfield code="a">UNDMA22</subfield>
  </datafield>
  <datafield tag="930" ind1=" " ind2=" ">
    <subfield code="a">WWW</subfield>
  </datafield>
  <datafield tag="980" ind1=" " ind2=" ">
    <subfield code="a">BIB</subfield>
  </datafield>
  <datafield tag="989" ind1=" " ind2=" ">
    <subfield code="a">Documents and Publications</subfield>
  </datafield>
  <datafield tag="998" ind1=" " ind2=" ">
    <subfield code="a">20220309144200</subfield>
    <subfield code="b">pacat</subfield>
    <subfield code="x">0x00010000c5a00a13</subfield>
    <subfield code="z">20220309194837</subfield>
  </datafield>
  <datafield tag="999" ind1=" " ind2=" ">
    <subfield code="a">pac20220309</subfield>
    <subfield code="b">20220309</subfield>
    <subfield code="c">c</subfield>
  </datafield>
  <datafield tag="999" ind1=" " ind2=" ">
    <subfield code="a">paw20220309</subfield>
    <subfield code="b">20220309</subfield>
    <subfield code="c">w</subfield>
  </datafield>
</record>