
    <record>
        <controlfield tag="000">00000nam a2200025#a 4500</controlfield>
        <controlfield tag="001">3978674</controlfield>
        <controlfield tag="005">20230119153649.0</controlfield>
        <controlfield tag="008">220629s2022    usa    #r     |||1| eng d</controlfield>
        <datafield tag="029" ind1=" " ind2=" ">
            <subfield code="a">JN</subfield>
            <subfield code="b">N2208163 E</subfield>
        </datafield>
        <datafield tag="035" ind1=" " ind2=" ">
            <subfield code="a">(DHL)1346315</subfield>
        </datafield>
        <datafield tag="039" ind1=" " ind2=" ">
            <subfield code="a">DHU</subfield>
        </datafield>
        <datafield tag="040" ind1=" " ind2=" ">
            <subfield code="a">NNUN</subfield>
            <subfield code="b">eng</subfield>
        </datafield>
        <datafield tag="041" ind1=" " ind2=" ">
            <subfield code="a">eng</subfield>
        </datafield>
        <datafield tag="049" ind1=" " ind2=" ">
            <subfield code="a">usa</subfield>
        </datafield>
        <datafield tag="089" ind1=" " ind2=" ">
            <subfield code="b">B16</subfield>
        </datafield>
        <datafield tag="091" ind1=" " ind2=" ">
            <subfield code="a">GEN</subfield>
        </datafield>
        <datafield tag="099" ind1=" " ind2=" ">
            <subfield code="a">UNH</subfield>
            <subfield code="b">DHU</subfield>
        </datafield>
        <datafield tag="191" ind1=" " ind2=" ">
            <subfield code="a">A/77/83</subfield>
            <subfield code="b">A/</subfield>
            <subfield code="c">77</subfield>
            <subfield code="9">G00</subfield>
            <subfield code="0">(DHLAUTH)913657</subfield>
        </datafield>
        <datafield tag="245" ind1="1" ind2="0">
            <subfield code="a">Evaluation of women and peace and security in field-based missions : elections and political transitions :</subfield>
            <subfield code="b">report of the Office of Internal Oversight Services</subfield>
        </datafield>
        <datafield tag="260" ind1=" " ind2=" ">
            <subfield code="a">[New York] :</subfield>
            <subfield code="b">UN,</subfield>
            <subfield code="c">1 June 2022</subfield>
        </datafield>
        <datafield tag="269" ind1=" " ind2=" ">
            <subfield code="a">2022-06-01</subfield>
        </datafield>
        <datafield tag="300" ind1=" " ind2=" ">
            <subfield code="a">24 p. :</subfield>
            <subfield code="b">graphs, tables</subfield>
        </datafield>
        <datafield tag="500" ind1=" " ind2=" ">
            <subfield code="a">"Annex: Comments received from the Under-Secretaries-General for Political and Peacebuilding Affairs and for Peace Operations".</subfield>
        </datafield>
        <datafield tag="520" ind1=" " ind2=" ">
            <subfield code="a">Provides an assessment of the state of evaluation in 75 Secretariat entities during the biennium 2018-2019 and identifies key organizational performance as assessed in the evaluations.</subfield>
        </datafield>
        <datafield tag="650" ind1="1" ind2="7">
            <subfield code="2">unbist</subfield>
            <subfield code="a">PEACEKEEPING OPERATIONS</subfield>
            <subfield code="0">(DHLAUTH)474428</subfield>
        </datafield>
        <datafield tag="650" ind1="1" ind2="7">
            <subfield code="2">unbist</subfield>
            <subfield code="a">SPECIAL MISSIONS</subfield>
            <subfield code="0">(DHLAUTH)268296</subfield>
        </datafield>
        <datafield tag="650" ind1="1" ind2="7">
            <subfield code="2">unbist</subfield>
            <subfield code="a">WOMEN IN ARMED CONFLICTS</subfield>
            <subfield code="0">(DHLAUTH)652111</subfield>
        </datafield>
        <datafield tag="650" ind1="1" ind2="7">
            <subfield code="2">unbist</subfield>
            <subfield code="a">WOMEN</subfield>
            <subfield code="0">(DHLAUTH)273032</subfield>
        </datafield>
        <datafield tag="650" ind1="1" ind2="7">
            <subfield code="2">unbist</subfield>
            <subfield code="a">POLITICAL PARTICIPATION</subfield>
            <subfield code="0">(DHLAUTH)268475</subfield>
        </datafield>
        <datafield tag="650" ind1="1" ind2="7">
            <subfield code="2">unbist</subfield>
            <subfield code="a">POLITICAL LEADERS</subfield>
            <subfield code="0">(DHLAUTH)605409</subfield>
        </datafield>
        <datafield tag="650" ind1="1" ind2="7">
            <subfield code="2">unbist</subfield>
            <subfield code="a">PROGRAMME EVALUATION</subfield>
            <subfield code="0">(DHLAUTH)269962</subfield>
        </datafield>
        <datafield tag="710" ind1="2" ind2=" ">
            <subfield code="a">UN. Office of Internal Oversight Services</subfield>
            <subfield code="0">(DHLAUTH)224897</subfield>
        </datafield>
        <datafield tag="856" ind1="4" ind2=" ">
            <subfield code="y">العربية</subfield>
            <subfield code="9">20109fea-ccf5-4ef7-89fe-60d4ba1abb92</subfield>
            <subfield code="s">804983</subfield>
            <subfield code="u">https://digitallibrary.un.org/record/3978674/files/A_77_83-AR.pdf</subfield>
        </datafield>
        <datafield tag="856" ind1="4" ind2=" ">
            <subfield code="y">中文</subfield>
            <subfield code="9">96a58b26-1c43-4ee9-853e-bc550bafbf4f</subfield>
            <subfield code="s">813447</subfield>
            <subfield code="u">https://digitallibrary.un.org/record/3978674/files/A_77_83-ZH.pdf</subfield>
        </datafield>
        <datafield tag="856" ind1="4" ind2=" ">
            <subfield code="y">English</subfield>
            <subfield code="9">1a03cabb-fe9f-437a-a058-1a24e80247d8</subfield>
            <subfield code="s">580016</subfield>
            <subfield code="u">https://digitallibrary.un.org/record/3978674/files/A_77_83-EN.pdf</subfield>
        </datafield>
        <datafield tag="856" ind1="4" ind2=" ">
            <subfield code="y">Français</subfield>
            <subfield code="9">40cf8679-509f-4813-b242-f70717b4dc9d</subfield>
            <subfield code="s">723373</subfield>
            <subfield code="u">https://digitallibrary.un.org/record/3978674/files/A_77_83-FR.pdf</subfield>
        </datafield>
        <datafield tag="856" ind1="4" ind2=" ">
            <subfield code="y">Русский</subfield>
            <subfield code="9">df2e5166-d8ea-4b50-bbf2-14ca180f3bb6</subfield>
            <subfield code="s">659788</subfield>
            <subfield code="u">https://digitallibrary.un.org/record/3978674/files/A_77_83-RU.pdf</subfield>
        </datafield>
        <datafield tag="856" ind1="4" ind2=" ">
            <subfield code="y">Español</subfield>
            <subfield code="9">37f6f8c0-1c35-4eee-92fc-91d835c00c94</subfield>
            <subfield code="s">590307</subfield>
            <subfield code="u">https://digitallibrary.un.org/record/3978674/files/A_77_83-ES.pdf</subfield>
        </datafield>
        <datafield tag="930" ind1=" " ind2=" ">
            <subfield code="a">UNDJU22</subfield>
        </datafield>
        <datafield tag="980" ind1=" " ind2=" ">
            <subfield code="a">BIB</subfield>
        </datafield>
        <datafield tag="981" ind1=" " ind2=" ">
            <subfield code="a">General Assembly</subfield>
            <subfield code="b">General Assembly Plenary</subfield>
        </datafield>
        <datafield tag="989" ind1=" " ind2=" ">
            <subfield code="a">Documents and Publications</subfield>
            <subfield code="b">Reports</subfield>
        </datafield>
        <datafield tag="991" ind1="1" ind2=" ">
            <subfield code="a">A/77/251</subfield>
            <subfield code="b">148</subfield>
            <subfield code="c">Report on the activities of the Office of Internal Oversight Services.</subfield>
            <subfield code="d">UN. OFFICE OF INTERNAL OVERSIGHT SERVICES--ACTIVITIES</subfield>
            <subfield code="z">I</subfield>
            <subfield code="0">(DHLAUTH)928046</subfield>
        </datafield>
        <datafield tag="998" ind1=" " ind2=" ">
            <subfield code="a">20220629075800</subfield>
            <subfield code="b">mmcat22</subfield>
            <subfield code="c">20230119151600</subfield>
            <subfield code="d">vwcat2</subfield>
            <subfield code="x">0x00010000cbe75b0c</subfield>
            <subfield code="z">20230119201908</subfield>
        </datafield>
        <datafield tag="999" ind1=" " ind2=" ">
            <subfield code="a">mmq20220629</subfield>
            <subfield code="b">20220629</subfield>
            <subfield code="c">q</subfield>
        </datafield>
        <datafield tag="999" ind1=" " ind2=" ">
            <subfield code="a">vvc20220629</subfield>
            <subfield code="b">20220629</subfield>
            <subfield code="c">c</subfield>
        </datafield>
        <datafield tag="999" ind1=" " ind2=" ">
            <subfield code="a">vwt20230119</subfield>
            <subfield code="b">20230119</subfield>
            <subfield code="c">t</subfield>
        </datafield>
    </record>