
<record>
  <controlfield tag="000">01933cam a2200469#a 4500</controlfield>
  <controlfield tag="001">485670</controlfield>
  <controlfield tag="005">20210702061935.0</controlfield>
  <controlfield tag="008">030129c2003    usa     r     00010 eng d</controlfield>
  <datafield tag="029" ind1=" " ind2=" ">
    <subfield code="a">JN</subfield>
    <subfield code="b">N0320612 E</subfield>
  </datafield>
  <datafield tag="035" ind1=" " ind2=" ">
    <subfield code="a">D700129X</subfield>
    <subfield code="z">D0286937</subfield>
  </datafield>
  <datafield tag="035" ind1=" " ind2=" ">
    <subfield code="a">(DHL)700129</subfield>
  </datafield>
  <datafield tag="039" ind1=" " ind2=" ">
    <subfield code="a">DHU</subfield>
  </datafield>
  <datafield tag="040" ind1=" " ind2=" ">
    <subfield code="a">NNUN</subfield>
    <subfield code="b">eng</subfield>
  </datafield>
  <datafield tag="041" ind1="0" ind2=" ">
    <subfield code="a">arachiengfrerusspa</subfield>
  </datafield>
  <datafield tag="049" ind1=" " ind2=" ">
    <subfield code="a">USA</subfield>
  </datafield>
  <datafield tag="069" ind1=" " ind2=" ">
    <subfield code="a">HUR</subfield>
    <subfield code="b">0704</subfield>
  </datafield>
  <datafield tag="089" ind1=" " ind2=" ">
    <subfield code="b">B21</subfield>
  </datafield>
  <datafield tag="091" ind1=" " ind2=" ">
    <subfield code="a">GEN</subfield>
  </datafield>
  <datafield tag="099" ind1=" " ind2=" ">
    <subfield code="a">UNH</subfield>
    <subfield code="b">DHU</subfield>
  </datafield>
  <datafield tag="191" ind1=" " ind2=" ">
    <subfield code="a">E/CN.6/2003/NGO/5</subfield>
    <subfield code="b">E/CN.6/</subfield>
    <subfield code="c">47</subfield>
    <subfield code="f">4.1885</subfield>
    <subfield code="q">ECN62003NGO5</subfield>
    <subfield code="r">ECN647</subfield>
    <subfield code="0">(DHLAUTH)636162</subfield>
  </datafield>
  <datafield tag="239" ind1="1" ind2="0">
    <subfield code="a">Follow-up to the 4th World Conference on Women and to the special session of the General Assembly entitled "Women 2000 : gender equality, development and peace for the 21st century" :</subfield>
    <subfield code="b">implementation of strategic objectives and action in the critical areas of concern and further actions and initiatives : women's human rights and the elimination of all forms of violence against women and girls as defined in the Beijing Platform for Action and the outcome documents of the 23rd special session of the General Assembly : statement</subfield>
  </datafield>
  <datafield tag="245" ind1="0" ind2="0">
    <subfield code="a">Statement /</subfield>
    <subfield code="c">submitted by Human Rights Advocates</subfield>
  </datafield>
  <datafield tag="260" ind1=" " ind2=" ">
    <subfield code="a">[New York] :</subfield>
    <subfield code="b">UN,</subfield>
    <subfield code="c">8 Jan. 2003</subfield>
  </datafield>
  <datafield tag="269" ind1=" " ind2=" ">
    <subfield code="a">2003-01-08</subfield>
  </datafield>
  <datafield tag="300" ind1=" " ind2=" ">
    <subfield code="a">5 p.</subfield>
  </datafield>
  <datafield tag="610" ind1="2" ind2="7">
    <subfield code="a">Human Rights Advocates International, Inc.</subfield>
    <subfield code="2">unbisn</subfield>
    <subfield code="0">(DHLAUTH)107657</subfield>
  </datafield>
  <datafield tag="650" ind1="1" ind2="7">
    <subfield code="a">TRAFFICKING IN PERSONS</subfield>
    <subfield code="2">unbist</subfield>
    <subfield code="0">(DHLAUTH)610025</subfield>
  </datafield>
  <datafield tag="650" ind1="1" ind2="7">
    <subfield code="a">FORCED PROSTITUTION</subfield>
    <subfield code="2">unbist</subfield>
    <subfield code="0">(DHLAUTH)274464</subfield>
  </datafield>
  <datafield tag="650" ind1="1" ind2="7">
    <subfield code="a">PEACEKEEPING OPERATIONS</subfield>
    <subfield code="2">unbist</subfield>
    <subfield code="0">(DHLAUTH)474428</subfield>
  </datafield>
  <datafield tag="650" ind1="1" ind2="7">
    <subfield code="a">MILITARY PERSONNEL</subfield>
    <subfield code="2">unbist</subfield>
    <subfield code="0">(DHLAUTH)268838</subfield>
  </datafield>
  <datafield tag="650" ind1="2" ind2="7">
    <subfield code="a">WOMEN'S RIGHTS</subfield>
    <subfield code="2">unbist</subfield>
    <subfield code="0">(DHLAUTH)273161</subfield>
  </datafield>
  <datafield tag="650" ind1="2" ind2="7">
    <subfield code="a">GENDER-BASED VIOLENCE</subfield>
    <subfield code="2">unbist</subfield>
    <subfield code="0">(DHLAUTH)276684</subfield>
  </datafield>
  <datafield tag="650" ind1="2" ind2="7">
    <subfield code="a">SALE OF CHILDREN</subfield>
    <subfield code="2">unbist</subfield>
    <subfield code="0">(DHLAUTH)274495</subfield>
  </datafield>
  <datafield tag="650" ind1="2" ind2="7">
    <subfield code="a">GIRLS</subfield>
    <subfield code="2">unbist</subfield>
    <subfield code="0">(DHLAUTH)272930</subfield>
  </datafield>
  <datafield tag="650" ind1="2" ind2="7">
    <subfield code="a">WOMEN</subfield>
    <subfield code="2">unbist</subfield>
    <subfield code="0">(DHLAUTH)273032</subfield>
  </datafield>
  <datafield tag="710" ind1="2" ind2=" ">
    <subfield code="a">Human Rights Advocates International, Inc.</subfield>
    <subfield code="0">(DHLAUTH)107657</subfield>
  </datafield>
  <datafield tag="856" ind1="4" ind2=" ">
    <subfield code="y">العربية</subfield>
    <subfield code="9">2adbd2d4-4d52-4bf6-ac6b-f248c1d3505b</subfield>
    <subfield code="s">132677</subfield>
    <subfield code="u">https://digitallibrary.un.org/record/485670/files/E_CN.6_2003_NGO_5-AR.pdf</subfield>
  </datafield>
  <datafield tag="856" ind1="4" ind2=" ">
    <subfield code="y">English</subfield>
    <subfield code="9">edbd8470-6a73-4c81-bf14-956dd50ce433</subfield>
    <subfield code="s">49764</subfield>
    <subfield code="u">https://digitallibrary.un.org/record/485670/files/E_CN.6_2003_NGO_5-EN.pdf</subfield>
  </datafield>
  <datafield tag="856" ind1="4" ind2=" ">
    <subfield code="y">Español</subfield>
    <subfield code="9">330ec9ad-30b9-4857-80e7-1a8293a7154e</subfield>
    <subfield code="s">146133</subfield>
    <subfield code="u">https://digitallibrary.un.org/record/485670/files/E_CN.6_2003_NGO_5-ES.pdf</subfield>
  </datafield>
  <datafield tag="856" ind1="4" ind2=" ">
    <subfield code="y">Français</subfield>
    <subfield code="9">e551873c-33a1-488d-b637-4e15821f6856</subfield>
    <subfield code="s">135204</subfield>
    <subfield code="u">https://digitallibrary.un.org/record/485670/files/E_CN.6_2003_NGO_5-FR.pdf</subfield>
  </datafield>
  <datafield tag="856" ind1="4" ind2=" ">
    <subfield code="y">Русский</subfield>
    <subfield code="9">fe14ff00-4156-4142-a6b5-4ba92e4303c2</subfield>
    <subfield code="s">169425</subfield>
    <subfield code="u">https://digitallibrary.un.org/record/485670/files/E_CN.6_2003_NGO_5-RU.pdf</subfield>
  </datafield>
  <datafield tag="856" ind1="4" ind2=" ">
    <subfield code="y">中文</subfield>
    <subfield code="9">c268f8fa-c017-4af6-bd62-e4a107b4f6f3</subfield>
    <subfield code="s">304209</subfield>
    <subfield code="u">https://digitallibrary.un.org/record/485670/files/E_CN.6_2003_NGO_5-ZH.pdf</subfield>
  </datafield>
  <datafield tag="930" ind1=" " ind2=" ">
    <subfield code="a">UNDJA03</subfield>
  </datafield>
  <datafield tag="930" ind1=" " ind2=" ">
    <subfield code="a">HURXXX03</subfield>
  </datafield>
  <datafield tag="930" ind1=" " ind2=" ">
    <subfield code="a">UDIQ402</subfield>
    <subfield code="b">4.1885</subfield>
  </datafield>
  <datafield tag="949" ind1=" " ind2=" ">
    <subfield code="9">E/CN.6/2003/NGO/5</subfield>
    <subfield code="b">1107058.5.1</subfield>
    <subfield code="i">1107058</subfield>
    <subfield code="k">uncs</subfield>
    <subfield code="c">c. 1</subfield>
    <subfield code="l">DHL</subfield>
    <subfield code="z">t</subfield>
    <subfield code="m">14day</subfield>
    <subfield code="d">20030129000000</subfield>
  </datafield>
  <datafield tag="949" ind1=" " ind2=" ">
    <subfield code="9">E/CN.6/2003/NGO/5</subfield>
    <subfield code="b">7001291</subfield>
    <subfield code="i">1107050</subfield>
    <subfield code="k">unes</subfield>
    <subfield code="c">c. 1</subfield>
    <subfield code="l">DHL</subfield>
    <subfield code="z">t</subfield>
    <subfield code="m">14day</subfield>
    <subfield code="d">20030129000000</subfield>
  </datafield>
  <datafield tag="949" ind1=" " ind2=" ">
    <subfield code="9">E/CN.6/2003/NGO/5</subfield>
    <subfield code="b">1107055.2.1</subfield>
    <subfield code="i">1107055</subfield>
    <subfield code="k">unss</subfield>
    <subfield code="c">c. 1</subfield>
    <subfield code="l">DHL</subfield>
    <subfield code="z">t</subfield>
    <subfield code="m">14day</subfield>
    <subfield code="d">20030129000000</subfield>
  </datafield>
  <datafield tag="949" ind1=" " ind2=" ">
    <subfield code="9">E/CN.6/2003/NGO/5</subfield>
    <subfield code="b">1107056.3.1</subfield>
    <subfield code="i">1107056</subfield>
    <subfield code="k">unrs</subfield>
    <subfield code="c">c. 1</subfield>
    <subfield code="l">DHL</subfield>
    <subfield code="z">t</subfield>
    <subfield code="m">14day</subfield>
    <subfield code="d">20030129000000</subfield>
  </datafield>
  <datafield tag="949" ind1=" " ind2=" ">
    <subfield code="9">E/CN.6/2003/NGO/5</subfield>
    <subfield code="b">1107054.1.1</subfield>
    <subfield code="i">1107054</subfield>
    <subfield code="k">unfs</subfield>
    <subfield code="c">c. 1</subfield>
    <subfield code="l">DHL</subfield>
    <subfield code="z">t</subfield>
    <subfield code="m">14day</subfield>
    <subfield code="d">20030129000000</subfield>
  </datafield>
  <datafield tag="949" ind1=" " ind2=" ">
    <subfield code="9">E/CN.6/2003/NGO/5</subfield>
    <subfield code="b">1107057.4.1</subfield>
    <subfield code="i">1107057</subfield>
    <subfield code="k">unas</subfield>
    <subfield code="c">c. 1</subfield>
    <subfield code="l">DHL</subfield>
    <subfield code="z">t</subfield>
    <subfield code="m">14day</subfield>
    <subfield code="d">20030129000000</subfield>
  </datafield>
  <datafield tag="980" ind1=" " ind2=" ">
    <subfield code="a">BIB</subfield>
  </datafield>
  <datafield tag="981" ind1=" " ind2=" ">
    <subfield code="a">Economic and Social Council</subfield>
  </datafield>
  <datafield tag="989" ind1=" " ind2=" ">
    <subfield code="a">Documents and Publications</subfield>
    <subfield code="b">NGO Written Statements</subfield>
  </datafield>
  <datafield tag="998" ind1=" " ind2=" ">
    <subfield code="a">20030129000000</subfield>
    <subfield code="b">nmcs</subfield>
    <subfield code="c">20210701135800</subfield>
    <subfield code="d">sh35cat</subfield>
    <subfield code="x">0x00010000c3bfba81</subfield>
    <subfield code="z">20210701202950</subfield>
  </datafield>
  <datafield tag="999" ind1=" " ind2=" ">
    <subfield code="a">SLr20030210</subfield>
    <subfield code="b">20030210</subfield>
    <subfield code="c">r</subfield>
  </datafield>
  <datafield tag="999" ind1=" " ind2=" ">
    <subfield code="a">tiu20030205</subfield>
    <subfield code="b">20030205</subfield>
    <subfield code="c">u</subfield>
  </datafield>
  <datafield tag="999" ind1=" " ind2=" ">
    <subfield code="a">mpu20030205</subfield>
    <subfield code="b">20030205</subfield>
    <subfield code="c">u</subfield>
  </datafield>
  <datafield tag="999" ind1=" " ind2=" ">
    <subfield code="a">ttc20030204</subfield>
    <subfield code="b">20030204</subfield>
    <subfield code="c">c</subfield>
  </datafield>
  <datafield tag="999" ind1=" " ind2=" ">
    <subfield code="a">ttd20030131</subfield>
    <subfield code="b">20030131</subfield>
    <subfield code="c">d</subfield>
  </datafield>
  <datafield tag="999" ind1=" " ind2=" ">
    <subfield code="a">tip20030131</subfield>
    <subfield code="b">20030131</subfield>
    <subfield code="c">p</subfield>
  </datafield>
  <datafield tag="999" ind1=" " ind2=" ">
    <subfield code="a">nmq20030129</subfield>
    <subfield code="b">20030129</subfield>
    <subfield code="c">q</subfield>
  </datafield>
</record>