
<record>
  <controlfield tag="000">00433nam\\2200205#a\4500</controlfield>
  <controlfield tag="001">523994</controlfield>
  <controlfield tag="005">20210504095011.0</controlfield>
  <controlfield tag="008">040621c2003\\\\usa\\\\#r\\\\\00010\eng\d</controlfield>
  <datafield tag="035" ind1=" " ind2=" ">
    <subfield code="a">D744661X</subfield>
    <subfield code="z">D0307961</subfield>
  </datafield>
  <datafield tag="035" ind1=" " ind2=" ">
    <subfield code="a">(DHL)744661</subfield>
  </datafield>
  <datafield tag="039" ind1=" " ind2=" ">
    <subfield code="a">DHU</subfield>
  </datafield>
  <datafield tag="040" ind1=" " ind2=" ">
    <subfield code="a">NNUN</subfield>
    <subfield code="b">eng</subfield>
  </datafield>
  <datafield tag="041" ind1=" " ind2=" ">
    <subfield code="a">engfre</subfield>
  </datafield>
  <datafield tag="049" ind1=" " ind2=" ">
    <subfield code="a">USA</subfield>
  </datafield>
  <datafield tag="089" ind1=" " ind2=" ">
    <subfield code="b">B19</subfield>
  </datafield>
  <datafield tag="091" ind1=" " ind2=" ">
    <subfield code="a">GEN</subfield>
  </datafield>
  <datafield tag="099" ind1=" " ind2=" ">
    <subfield code="a">UNH</subfield>
    <subfield code="b">DHU</subfield>
  </datafield>
  <datafield tag="191" ind1=" " ind2=" ">
    <subfield code="0">938329</subfield>
    <subfield code="a">[ST/]DPI/2315</subfield>
    <subfield code="b">ST/ESA/SER.R/</subfield>
    <subfield code="f">1.2930</subfield>
    <subfield code="q">STDPI2315</subfield>
    <subfield code="r">STDPI</subfield>
  </datafield>
  <datafield tag="191" ind1=" " ind2=" ">
    <subfield code="0">936786</subfield>
    <subfield code="b">***</subfield>
    <subfield code="q">DPI2315</subfield>
    <subfield code="z">DPI/2315</subfield>
  </datafield>
  <datafield tag="245" ind1="1" ind2="0">
    <subfield code="a">Women, peace and security at a glance</subfield>
  </datafield>
  <datafield tag="260" ind1=" " ind2=" ">
    <subfield code="a">New York :</subfield>
    <subfield code="b">UN,</subfield>
    <subfield code="c">[2003]</subfield>
  </datafield>
  <datafield tag="269" ind1=" " ind2=" ">
    <subfield code="a">2003</subfield>
  </datafield>
  <datafield tag="300" ind1=" " ind2=" ">
    <subfield code="a">[22] p.</subfield>
  </datafield>
  <datafield tag="592" ind1=" " ind2=" ">
    <subfield code="a">Library also has ed. in French.</subfield>
  </datafield>
  <datafield tag="596" ind1=" " ind2=" ">
    <subfield code="a">No job no.</subfield>
  </datafield>
  <datafield tag="610" ind1="2" ind2="7">
    <subfield code="0">1108304</subfield>
    <subfield code="2">unbisn</subfield>
    <subfield code="a">UN. Security Council (55th year : 2000)</subfield>
    <subfield code="g">Resolutions and decisions</subfield>
  </datafield>
  <datafield tag="650" ind1="1" ind2="7">
    <subfield code="0">1283088</subfield>
    <subfield code="2">unbist</subfield>
    <subfield code="a">WOMEN'S STATUS</subfield>
  </datafield>
  <datafield tag="650" ind1="1" ind2="7">
    <subfield code="0">1284852</subfield>
    <subfield code="2">unbist</subfield>
    <subfield code="a">WOMEN IN ARMED CONFLICTS</subfield>
  </datafield>
  <datafield tag="650" ind1="1" ind2="7">
    <subfield code="0">1284084</subfield>
    <subfield code="2">unbist</subfield>
    <subfield code="a">PEACEBUILDING</subfield>
  </datafield>
  <datafield tag="650" ind1="2" ind2="7">
    <subfield code="0">1277954</subfield>
    <subfield code="2">unbist</subfield>
    <subfield code="a">PEACEKEEPING OPERATIONS</subfield>
  </datafield>
  <datafield tag="650" ind1="2" ind2="7">
    <subfield code="0">1281005</subfield>
    <subfield code="2">unbist</subfield>
    <subfield code="a">HUMANITARIAN ASSISTANCE</subfield>
  </datafield>
  <datafield tag="650" ind1="2" ind2="7">
    <subfield code="0">1284536</subfield>
    <subfield code="2">unbist</subfield>
    <subfield code="a">POST-CONFLICT RECONSTRUCTION</subfield>
  </datafield>
  <datafield tag="650" ind1="2" ind2="7">
    <subfield code="0">1277989</subfield>
    <subfield code="2">unbist</subfield>
    <subfield code="a">DISARMAMENT</subfield>
  </datafield>
  <datafield tag="650" ind1="2" ind2="7">
    <subfield code="0">1284175</subfield>
    <subfield code="2">unbist</subfield>
    <subfield code="a">MILITARY DEMOBILIZATION</subfield>
  </datafield>
  <datafield tag="650" ind1="2" ind2="7">
    <subfield code="0">1281255</subfield>
    <subfield code="2">unbist</subfield>
    <subfield code="a">SOCIAL INTEGRATION</subfield>
  </datafield>
  <datafield tag="650" ind1="2" ind2="7">
    <subfield code="0">1280146</subfield>
    <subfield code="2">unbist</subfield>
    <subfield code="a">WOMEN</subfield>
  </datafield>
  <datafield tag="710" ind1="2" ind2=" ">
    <subfield code="0">1151633</subfield>
    <subfield code="a">UN. Office of the Special Adviser on Gender Issues and Advancement of Women</subfield>
  </datafield>
  <datafield tag="930" ind1=" " ind2=" ">
    <subfield code="a">UNDJU04</subfield>
  </datafield>
  <datafield tag="930" ind1=" " ind2=" ">
    <subfield code="a">UDIQ104</subfield>
    <subfield code="b">1.2930</subfield>
  </datafield>
  <datafield tag="949" ind1=" " ind2=" ">
    <subfield code="9">ST/DPI/2315</subfield>
    <subfield code="b">1283457.1.1</subfield>
    <subfield code="c">c. 1</subfield>
    <subfield code="d">20050309190000</subfield>
    <subfield code="i">1283457</subfield>
    <subfield code="k">unfs</subfield>
    <subfield code="l">DHL</subfield>
    <subfield code="m">14day</subfield>
    <subfield code="z">t</subfield>
  </datafield>
  <datafield tag="949" ind1=" " ind2=" ">
    <subfield code="9">ST/DPI/2315</subfield>
    <subfield code="b">7446611</subfield>
    <subfield code="c">c. 1</subfield>
    <subfield code="d">20040620200000</subfield>
    <subfield code="i">1223724</subfield>
    <subfield code="k">unes</subfield>
    <subfield code="l">DHL</subfield>
    <subfield code="m">14day</subfield>
    <subfield code="z">t</subfield>
  </datafield>
  <datafield tag="980" ind1=" " ind2=" ">
    <subfield code="a">BIB</subfield>
  </datafield>
  <datafield tag="981" ind1=" " ind2=" ">
    <subfield code="a">Secretariat</subfield>
  </datafield>
  <datafield tag="989" ind1=" " ind2=" ">
    <subfield code="a">Documents and Publications</subfield>
  </datafield>
  <datafield tag="998" ind1=" " ind2=" ">
    <subfield code="a">20040621061500</subfield>
    <subfield code="b">nmcs</subfield>
    <subfield code="c">20160728064800</subfield>
    <subfield code="d">shkcat</subfield>
  </datafield>
  <datafield tag="999" ind1=" " ind2=" ">
    <subfield code="a">ttc20040809</subfield>
    <subfield code="b">20040809</subfield>
    <subfield code="c">c</subfield>
  </datafield>
  <datafield tag="999" ind1=" " ind2=" ">
    <subfield code="a">slr20040809</subfield>
    <subfield code="b">202040809</subfield>
    <subfield code="c">r</subfield>
  </datafield>
  <datafield tag="999" ind1=" " ind2=" ">
    <subfield code="a">lcp20040805</subfield>
    <subfield code="b">20040805</subfield>
    <subfield code="c">p</subfield>
  </datafield>
  <datafield tag="999" ind1=" " ind2=" ">
    <subfield code="a">nmq20040621</subfield>
    <subfield code="b">20040621</subfield>
    <subfield code="c">q</subfield>
  </datafield>
  <datafield tag="999" ind1=" " ind2=" ">
    <subfield code="a">nmi20050310</subfield>
    <subfield code="b">20050310</subfield>
    <subfield code="c">i</subfield>
  </datafield>
  <datafield tag="999" ind1=" " ind2=" ">
    <subfield code="a">TAu20050310</subfield>
    <subfield code="b">20050310</subfield>
    <subfield code="c">u</subfield>
  </datafield>
  <datafield tag="999" ind1=" " ind2=" ">
    <subfield code="a">pau20081021</subfield>
    <subfield code="b">20081021</subfield>
    <subfield code="c">u</subfield>
  </datafield>
</record>