
<record>
  <controlfield tag="000">01293cam  22003377a 450|</controlfield>
  <controlfield tag="001">475457</controlfield>
  <controlfield tag="005">20220625235550.0</controlfield>
  <controlfield tag="008">021008c2002    usa     r     00010 eng d</controlfield>
  <datafield tag="035" ind1=" " ind2=" ">
    <subfield code="a">D688464X</subfield>
    <subfield code="z">D0281290</subfield>
  </datafield>
  <datafield tag="035" ind1=" " ind2=" ">
    <subfield code="a">(DHL)688464</subfield>
  </datafield>
  <datafield tag="039" ind1=" " ind2=" ">
    <subfield code="a">DHU</subfield>
  </datafield>
  <datafield tag="040" ind1=" " ind2=" ">
    <subfield code="a">NNUN</subfield>
    <subfield code="b">eng</subfield>
  </datafield>
  <datafield tag="041" ind1="0" ind2=" ">
    <subfield code="a">eng</subfield>
  </datafield>
  <datafield tag="049" ind1=" " ind2=" ">
    <subfield code="a">USA</subfield>
  </datafield>
  <datafield tag="089" ind1=" " ind2=" ">
    <subfield code="b">B20</subfield>
  </datafield>
  <datafield tag="091" ind1=" " ind2=" ">
    <subfield code="a">GER</subfield>
  </datafield>
  <datafield tag="191" ind1=" " ind2=" ">
    <subfield code="a">[ST/DPI/PRESS/]SG/SM/8396</subfield>
    <subfield code="b">ST/DPI/PRESS/SG/SM/</subfield>
    <subfield code="q">STDPIPRESSSGSM8396</subfield>
    <subfield code="r">STDPIPRESSSGSM</subfield>
    <subfield code="0">(DHLAUTH)437977</subfield>
  </datafield>
  <datafield tag="191" ind1=" " ind2=" ">
    <subfield code="b">***</subfield>
    <subfield code="z">SG/SM/8396</subfield>
    <subfield code="q">SGSM8396</subfield>
    <subfield code="0">(DHLAUTH)325910</subfield>
  </datafield>
  <datafield tag="245" ind1="1" ind2="0">
    <subfield code="a">'Women's full participation' in conflict resolution vital to promotion of security, Secretary-General tells 'women for peace' meeting :</subfield>
    <subfield code="b">[message, to the Conference on 'Women for Peace, Dialogue for Action' (Sharm El Sheikh, 20-23 September), 20 September 2002] /</subfield>
    <subfield code="c">[on behalf of the Secretary-General by the Executive Secretary, Eonomic and Social Commission for West Asia]</subfield>
  </datafield>
  <datafield tag="260" ind1=" " ind2=" ">
    <subfield code="a">New York :</subfield>
    <subfield code="b">UN Dept. of Public Information,</subfield>
    <subfield code="c">20 Sept. 2002</subfield>
  </datafield>
  <datafield tag="269" ind1=" " ind2=" ">
    <subfield code="a">2002-09-20</subfield>
  </datafield>
  <datafield tag="300" ind1=" " ind2=" ">
    <subfield code="a">2 p.</subfield>
  </datafield>
  <datafield tag="650" ind1="1" ind2="7">
    <subfield code="a">WOMEN</subfield>
    <subfield code="2">unbist</subfield>
    <subfield code="0">(DHLAUTH)273032</subfield>
  </datafield>
  <datafield tag="650" ind1="1" ind2="7">
    <subfield code="a">PEACEMAKING</subfield>
    <subfield code="2">unbist</subfield>
    <subfield code="0">(DHLAUTH)268715</subfield>
  </datafield>
  <datafield tag="650" ind1="1" ind2="7">
    <subfield code="a">PEACEBUILDING</subfield>
    <subfield code="2">unbist</subfield>
    <subfield code="0">(DHLAUTH)268714</subfield>
  </datafield>
  <datafield tag="650" ind1="1" ind2="7">
    <subfield code="a">PEACEKEEPING OPERATIONS</subfield>
    <subfield code="2">unbist</subfield>
    <subfield code="0">(DHLAUTH)474428</subfield>
  </datafield>
  <datafield tag="650" ind1="1" ind2="7">
    <subfield code="a">RECONSTRUCTION</subfield>
    <subfield code="2">unbist</subfield>
    <subfield code="0">(DHLAUTH)268666</subfield>
  </datafield>
  <datafield tag="700" ind1="1" ind2=" ">
    <subfield code="a">Annan, Kofi, 1938-2018</subfield>
    <subfield code="0">(DHLAUTH)267369</subfield>
  </datafield>
  <datafield tag="710" ind1="2" ind2=" ">
    <subfield code="a">UN. Secretary-General</subfield>
    <subfield code="0">(DHLAUTH)10663</subfield>
  </datafield>
  <datafield tag="710" ind1="2" ind2=" ">
    <subfield code="a">UN. ESCWA. Executive Secretary</subfield>
    <subfield code="0">(DHLAUTH)73682</subfield>
  </datafield>
  <datafield tag="930" ind1=" " ind2=" ">
    <subfield code="a">UNDOC02; SGS</subfield>
  </datafield>
  <datafield tag="949" ind1=" " ind2=" ">
    <subfield code="9">ST/DPI/PRESS/SG/SM/8396</subfield>
    <subfield code="b">1078438.1.1</subfield>
    <subfield code="i">1078438</subfield>
    <subfield code="k">unes</subfield>
    <subfield code="c">c. 2</subfield>
    <subfield code="l">DHL</subfield>
    <subfield code="z">t</subfield>
    <subfield code="m">14day</subfield>
    <subfield code="d">20021007200000</subfield>
  </datafield>
  <datafield tag="949" ind1=" " ind2=" ">
    <subfield code="9">ST/DPI/PRESS/SG/SM/8396</subfield>
    <subfield code="b">6884641</subfield>
    <subfield code="i">1078437</subfield>
    <subfield code="k">unes</subfield>
    <subfield code="c">c. 1</subfield>
    <subfield code="l">DHL</subfield>
    <subfield code="z">t</subfield>
    <subfield code="m">14day</subfield>
    <subfield code="d">20021007200000</subfield>
  </datafield>
  <datafield tag="980" ind1=" " ind2=" ">
    <subfield code="a">BIB</subfield>
  </datafield>
  <datafield tag="981" ind1=" " ind2=" ">
    <subfield code="a">Secretariat</subfield>
  </datafield>
  <datafield tag="981" ind1=" " ind2=" ">
    <subfield code="a">Economic Commissions</subfield>
    <subfield code="b">Economic and Social Commission for Western Asia</subfield>
  </datafield>
  <datafield tag="989" ind1=" " ind2=" ">
    <subfield code="a">Documents and Publications</subfield>
    <subfield code="b">Press Releases</subfield>
  </datafield>
  <datafield tag="998" ind1=" " ind2=" ">
    <subfield code="a">20021008000000</subfield>
    <subfield code="b">dgcat</subfield>
    <subfield code="c">20220624111700</subfield>
    <subfield code="d">sh35cat</subfield>
    <subfield code="x">0x00010000c6b3b209</subfield>
    <subfield code="z">20220624152232</subfield>
  </datafield>
  <datafield tag="999" ind1=" " ind2=" ">
    <subfield code="a">nvc20021021</subfield>
    <subfield code="b">20021021</subfield>
    <subfield code="c">c</subfield>
  </datafield>
  <datafield tag="999" ind1=" " ind2=" ">
    <subfield code="a">nvr20021021</subfield>
    <subfield code="b">20021021</subfield>
    <subfield code="c">r</subfield>
  </datafield>
  <datafield tag="999" ind1=" " ind2=" ">
    <subfield code="a">dgq20021008</subfield>
    <subfield code="b">20021008</subfield>
    <subfield code="c">q</subfield>
  </datafield>
</record>
<record>
  <controlfield tag="000">00000nam a22000255a 4500</controlfield>
  <controlfield tag="001">3878807</controlfield>
  <controlfield tag="005">20220602145939.0</controlfield>
  <controlfield tag="008">200902s2020    usa    #r     |||1| eng d</controlfield>
  <datafield tag="029" ind1=" " ind2=" ">
    <subfield code="a">JN</subfield>
    <subfield code="b">N2011253 E</subfield>
  </datafield>
  <datafield tag="035" ind1=" " ind2=" ">
    <subfield code="a">(DHL)1272915</subfield>
  </datafield>
  <datafield tag="039" ind1=" " ind2=" ">
    <subfield code="a">DHU</subfield>
  </datafield>
  <datafield tag="040" ind1=" " ind2=" ">
    <subfield code="a">NNUN</subfield>
    <subfield code="b">eng</subfield>
  </datafield>
  <datafield tag="041" ind1=" " ind2=" ">
    <subfield code="a">eng</subfield>
  </datafield>
  <datafield tag="049" ind1=" " ind2=" ">
    <subfield code="a">usa</subfield>
  </datafield>
  <datafield tag="089" ind1=" " ind2=" ">
    <subfield code="b">B02</subfield>
  </datafield>
  <datafield tag="091" ind1=" " ind2=" ">
    <subfield code="a">GEN</subfield>
  </datafield>
  <datafield tag="099" ind1=" " ind2=" ">
    <subfield code="a">UNH</subfield>
    <subfield code="b">DHU</subfield>
  </datafield>
  <datafield tag="191" ind1=" " ind2=" ">
    <subfield code="a">S/2020/838</subfield>
    <subfield code="b">S/</subfield>
    <subfield code="c">75</subfield>
    <subfield code="9">X10</subfield>
    <subfield code="q">S2020838</subfield>
    <subfield code="r">S75</subfield>
    <subfield code="0">(DHLAUTH)897969</subfield>
  </datafield>
  <datafield tag="239" ind1="1" ind2="0">
    <subfield code="a">Draft resolution [on women in peacekeeping operations]</subfield>
  </datafield>
  <datafield tag="245" ind1="1" ind2="0">
    <subfield code="a">Draft resolution /</subfield>
    <subfield code="c">Albania, Andorra, Argentina, Armenia, Australia, Austria, Bangladesh, Belgium, Bosnia and Herzegovina, Botswana, Brazil, Bulgaria, Cambodia, Canada, Chile, China, Colombia, Costa Rica, Côte d'Ivoire, Croatia, Cyprus, Czechia, Denmark, Djibouti, the Dominican Republic, Ecuador, Estonia, Ethiopia, Fiji, Finland, France, Gambia, Georgia, Germany, Ghana, Greece, Guatemala, Hungary, Iceland, India, Indonesia, Ireland, Israel, Italy, Jamaica, Japan, Jordan, Kenya, Latvia, Lesotho, Liberia, Liechtenstein, Lithuania, Luxembourg, Malaysia, Malta, Mexico, Montenegro, Morocco, Namibia, Nepal, the Netherlands, New Zealand, Niger, Nigeria, North Macedonia, Norway, Pakistan, Peru, Philippines, Portugal, Qatar, the Republic of Korea, Romania, the Russian Federation, Rwanda, Saint Vincent and the Grenadines, Senegal, Serbia, Slovakia, Slovenia, South Africa, Spain, Sri Lanka, Sudan, Sweden, Switzerland, Thailand, Tunisia, Turkey, Uganda, Ukraine, the United Arab Emirates, the United Kingdom of Great Britain and Northern Ireland, the United States of America, Uruguay and Viet Nam</subfield>
  </datafield>
  <datafield tag="260" ind1=" " ind2=" ">
    <subfield code="a">[New York] :</subfield>
    <subfield code="b">UN,</subfield>
    <subfield code="c">28 Aug. 2020</subfield>
  </datafield>
  <datafield tag="269" ind1=" " ind2=" ">
    <subfield code="a">2020-08-28</subfield>
  </datafield>
  <datafield tag="300" ind1=" " ind2=" ">
    <subfield code="a">4 p.</subfield>
  </datafield>
  <datafield tag="650" ind1="1" ind2="7">
    <subfield code="a">WOMEN'S ADVANCEMENT</subfield>
    <subfield code="2">unbist</subfield>
    <subfield code="0">(DHLAUTH)273158</subfield>
  </datafield>
  <datafield tag="650" ind1="1" ind2="7">
    <subfield code="a">PEACEKEEPING OPERATIONS</subfield>
    <subfield code="2">unbist</subfield>
    <subfield code="0">(DHLAUTH)474428</subfield>
  </datafield>
  <datafield tag="710" ind1="2" ind2=" ">
    <subfield code="a">Albania</subfield>
    <subfield code="9">ms</subfield>
    <subfield code="0">(DHLAUTH)103802</subfield>
  </datafield>
  <datafield tag="710" ind1="2" ind2=" ">
    <subfield code="a">Andorra</subfield>
    <subfield code="9">ms</subfield>
    <subfield code="0">(DHLAUTH)228063</subfield>
  </datafield>
  <datafield tag="710" ind1="2" ind2=" ">
    <subfield code="a">Argentina</subfield>
    <subfield code="9">ms</subfield>
    <subfield code="0">(DHLAUTH)71947</subfield>
  </datafield>
  <datafield tag="710" ind1="2" ind2=" ">
    <subfield code="a">Armenia</subfield>
    <subfield code="9">ms</subfield>
    <subfield code="0">(DHLAUTH)198887</subfield>
  </datafield>
  <datafield tag="710" ind1="2" ind2=" ">
    <subfield code="a">Australia</subfield>
    <subfield code="9">ms</subfield>
    <subfield code="0">(DHLAUTH)39645</subfield>
  </datafield>
  <datafield tag="710" ind1="2" ind2=" ">
    <subfield code="a">Austria</subfield>
    <subfield code="9">ms</subfield>
    <subfield code="0">(DHLAUTH)71959</subfield>
  </datafield>
  <datafield tag="710" ind1="2" ind2=" ">
    <subfield code="a">Bangladesh</subfield>
    <subfield code="9">ms</subfield>
    <subfield code="0">(DHLAUTH)39651</subfield>
  </datafield>
  <datafield tag="710" ind1="2" ind2=" ">
    <subfield code="a">Belgium</subfield>
    <subfield code="9">ms</subfield>
    <subfield code="0">(DHLAUTH)58943</subfield>
  </datafield>
  <datafield tag="710" ind1="2" ind2=" ">
    <subfield code="a">Bosnia and Herzegovina</subfield>
    <subfield code="9">ms</subfield>
    <subfield code="0">(DHLAUTH)202549</subfield>
  </datafield>
  <datafield tag="710" ind1="2" ind2=" ">
    <subfield code="a">Botswana</subfield>
    <subfield code="9">ms</subfield>
    <subfield code="0">(DHLAUTH)71993</subfield>
  </datafield>
  <datafield tag="710" ind1="2" ind2=" ">
    <subfield code="a">Brazil</subfield>
    <subfield code="9">ms</subfield>
    <subfield code="0">(DHLAUTH)59069</subfield>
  </datafield>
  <datafield tag="710" ind1="2" ind2=" ">
    <subfield code="a">Bulgaria</subfield>
    <subfield code="9">ms</subfield>
    <subfield code="0">(DHLAUTH)72007</subfield>
  </datafield>
  <datafield tag="710" ind1="2" ind2=" ">
    <subfield code="a">Cambodia</subfield>
    <subfield code="9">ms</subfield>
    <subfield code="0">(DHLAUTH)72150</subfield>
  </datafield>
  <datafield tag="710" ind1="2" ind2=" ">
    <subfield code="a">Canada</subfield>
    <subfield code="9">ms</subfield>
    <subfield code="0">(DHLAUTH)202233</subfield>
  </datafield>
  <datafield tag="710" ind1="2" ind2=" ">
    <subfield code="a">Chile</subfield>
    <subfield code="9">ms</subfield>
    <subfield code="0">(DHLAUTH)72077</subfield>
  </datafield>
  <datafield tag="710" ind1="2" ind2=" ">
    <subfield code="a">China</subfield>
    <subfield code="9">ms</subfield>
    <subfield code="0">(DHLAUTH)72079</subfield>
  </datafield>
  <datafield tag="710" ind1="2" ind2=" ">
    <subfield code="a">Colombia</subfield>
    <subfield code="9">ms</subfield>
    <subfield code="0">(DHLAUTH)72097</subfield>
  </datafield>
  <datafield tag="710" ind1="2" ind2=" ">
    <subfield code="a">Costa Rica</subfield>
    <subfield code="9">ms</subfield>
    <subfield code="0">(DHLAUTH)72125</subfield>
  </datafield>
  <datafield tag="710" ind1="2" ind2=" ">
    <subfield code="a">Côte d'Ivoire</subfield>
    <subfield code="9">ms</subfield>
    <subfield code="0">(DHLAUTH)39850</subfield>
  </datafield>
  <datafield tag="710" ind1="2" ind2=" ">
    <subfield code="a">Croatia</subfield>
    <subfield code="9">ms</subfield>
    <subfield code="0">(DHLAUTH)202559</subfield>
  </datafield>
  <datafield tag="710" ind1="2" ind2=" ">
    <subfield code="a">Cyprus</subfield>
    <subfield code="9">ms</subfield>
    <subfield code="0">(DHLAUTH)72141</subfield>
  </datafield>
  <datafield tag="710" ind1="2" ind2=" ">
    <subfield code="a">Czechia</subfield>
    <subfield code="9">ms</subfield>
    <subfield code="0">(DHLAUTH)880037</subfield>
  </datafield>
  <datafield tag="710" ind1="2" ind2=" ">
    <subfield code="a">Denmark</subfield>
    <subfield code="9">ms</subfield>
    <subfield code="0">(DHLAUTH)72159</subfield>
  </datafield>
  <datafield tag="710" ind1="2" ind2=" ">
    <subfield code="a">Djibouti</subfield>
    <subfield code="9">ms</subfield>
    <subfield code="0">(DHLAUTH)39675</subfield>
  </datafield>
  <datafield tag="710" ind1="2" ind2=" ">
    <subfield code="a">Dominican Republic</subfield>
    <subfield code="9">ms</subfield>
    <subfield code="0">(DHLAUTH)39679</subfield>
  </datafield>
  <datafield tag="710" ind1="2" ind2=" ">
    <subfield code="a">Ecuador</subfield>
    <subfield code="9">ms</subfield>
    <subfield code="0">(DHLAUTH)72163</subfield>
  </datafield>
  <datafield tag="710" ind1="2" ind2=" ">
    <subfield code="a">Estonia</subfield>
    <subfield code="9">ms</subfield>
    <subfield code="0">(DHLAUTH)190285</subfield>
  </datafield>
  <datafield tag="710" ind1="2" ind2=" ">
    <subfield code="a">Ethiopia</subfield>
    <subfield code="9">ms</subfield>
    <subfield code="0">(DHLAUTH)72173</subfield>
  </datafield>
  <datafield tag="710" ind1="2" ind2=" ">
    <subfield code="a">Fiji</subfield>
    <subfield code="9">ms</subfield>
    <subfield code="0">(DHLAUTH)72211</subfield>
  </datafield>
  <datafield tag="710" ind1="2" ind2=" ">
    <subfield code="a">Finland</subfield>
    <subfield code="9">ms</subfield>
    <subfield code="0">(DHLAUTH)59983</subfield>
  </datafield>
  <datafield tag="710" ind1="2" ind2=" ">
    <subfield code="a">France</subfield>
    <subfield code="9">ms</subfield>
    <subfield code="0">(DHLAUTH)60043</subfield>
  </datafield>
  <datafield tag="710" ind1="2" ind2=" ">
    <subfield code="a">Gambia</subfield>
    <subfield code="9">ms</subfield>
    <subfield code="0">(DHLAUTH)60095</subfield>
  </datafield>
  <datafield tag="710" ind1="2" ind2=" ">
    <subfield code="a">Georgia</subfield>
    <subfield code="9">ms</subfield>
    <subfield code="0">(DHLAUTH)147846</subfield>
  </datafield>
  <datafield tag="710" ind1="2" ind2=" ">
    <subfield code="a">Germany</subfield>
    <subfield code="9">ms</subfield>
    <subfield code="0">(DHLAUTH)72242</subfield>
  </datafield>
  <datafield tag="710" ind1="2" ind2=" ">
    <subfield code="a">Ghana</subfield>
    <subfield code="9">ms</subfield>
    <subfield code="0">(DHLAUTH)39693</subfield>
  </datafield>
  <datafield tag="710" ind1="2" ind2=" ">
    <subfield code="a">Greece</subfield>
    <subfield code="9">ms</subfield>
    <subfield code="0">(DHLAUTH)72263</subfield>
  </datafield>
  <datafield tag="710" ind1="2" ind2=" ">
    <subfield code="a">Guatemala</subfield>
    <subfield code="9">ms</subfield>
    <subfield code="0">(DHLAUTH)72281</subfield>
  </datafield>
  <datafield tag="710" ind1="2" ind2=" ">
    <subfield code="a">Hungary</subfield>
    <subfield code="9">ms</subfield>
    <subfield code="0">(DHLAUTH)39715</subfield>
  </datafield>
  <datafield tag="710" ind1="2" ind2=" ">
    <subfield code="a">Iceland</subfield>
    <subfield code="9">ms</subfield>
    <subfield code="0">(DHLAUTH)72299</subfield>
  </datafield>
  <datafield tag="710" ind1="2" ind2=" ">
    <subfield code="a">India</subfield>
    <subfield code="9">ms</subfield>
    <subfield code="0">(DHLAUTH)72301</subfield>
  </datafield>
  <datafield tag="710" ind1="2" ind2=" ">
    <subfield code="a">Indonesia</subfield>
    <subfield code="9">ms</subfield>
    <subfield code="0">(DHLAUTH)60335</subfield>
  </datafield>
  <datafield tag="710" ind1="2" ind2=" ">
    <subfield code="a">Ireland</subfield>
    <subfield code="9">ms</subfield>
    <subfield code="0">(DHLAUTH)72475</subfield>
  </datafield>
  <datafield tag="710" ind1="2" ind2=" ">
    <subfield code="a">Israel</subfield>
    <subfield code="9">ms</subfield>
    <subfield code="0">(DHLAUTH)72481</subfield>
  </datafield>
  <datafield tag="710" ind1="2" ind2=" ">
    <subfield code="a">Italy</subfield>
    <subfield code="9">ms</subfield>
    <subfield code="0">(DHLAUTH)72483</subfield>
  </datafield>
  <datafield tag="710" ind1="2" ind2=" ">
    <subfield code="a">Jamaica</subfield>
    <subfield code="9">ms</subfield>
    <subfield code="0">(DHLAUTH)72493</subfield>
  </datafield>
  <datafield tag="710" ind1="2" ind2=" ">
    <subfield code="a">Japan</subfield>
    <subfield code="9">ms</subfield>
    <subfield code="0">(DHLAUTH)39853</subfield>
  </datafield>
  <datafield tag="710" ind1="2" ind2=" ">
    <subfield code="a">Jordan</subfield>
    <subfield code="9">ms</subfield>
    <subfield code="0">(DHLAUTH)39861</subfield>
  </datafield>
  <datafield tag="710" ind1="2" ind2=" ">
    <subfield code="a">Kenya</subfield>
    <subfield code="9">ms</subfield>
    <subfield code="0">(DHLAUTH)60889</subfield>
  </datafield>
  <datafield tag="710" ind1="2" ind2=" ">
    <subfield code="a">Latvia</subfield>
    <subfield code="9">ms</subfield>
    <subfield code="0">(DHLAUTH)190275</subfield>
  </datafield>
  <datafield tag="710" ind1="2" ind2=" ">
    <subfield code="a">Lesotho</subfield>
    <subfield code="9">ms</subfield>
    <subfield code="0">(DHLAUTH)72547</subfield>
  </datafield>
  <datafield tag="710" ind1="2" ind2=" ">
    <subfield code="a">Liberia</subfield>
    <subfield code="9">ms</subfield>
    <subfield code="0">(DHLAUTH)72549</subfield>
  </datafield>
  <datafield tag="710" ind1="2" ind2=" ">
    <subfield code="a">Liechtenstein</subfield>
    <subfield code="9">ms</subfield>
    <subfield code="0">(DHLAUTH)78060</subfield>
  </datafield>
  <datafield tag="710" ind1="2" ind2=" ">
    <subfield code="a">Lithuania</subfield>
    <subfield code="9">ms</subfield>
    <subfield code="0">(DHLAUTH)190293</subfield>
  </datafield>
  <datafield tag="710" ind1="2" ind2=" ">
    <subfield code="a">Luxembourg</subfield>
    <subfield code="9">ms</subfield>
    <subfield code="0">(DHLAUTH)39895</subfield>
  </datafield>
  <datafield tag="710" ind1="2" ind2=" ">
    <subfield code="a">Malaysia</subfield>
    <subfield code="9">ms</subfield>
    <subfield code="0">(DHLAUTH)72557</subfield>
  </datafield>
  <datafield tag="710" ind1="2" ind2=" ">
    <subfield code="a">Malta</subfield>
    <subfield code="9">ms</subfield>
    <subfield code="0">(DHLAUTH)72563</subfield>
  </datafield>
  <datafield tag="710" ind1="2" ind2=" ">
    <subfield code="a">Mexico</subfield>
    <subfield code="9">ms</subfield>
    <subfield code="0">(DHLAUTH)72583</subfield>
  </datafield>
  <datafield tag="710" ind1="2" ind2=" ">
    <subfield code="a">Montenegro</subfield>
    <subfield code="9">ms</subfield>
    <subfield code="0">(DHLAUTH)709795</subfield>
  </datafield>
  <datafield tag="710" ind1="2" ind2=" ">
    <subfield code="a">Morocco</subfield>
    <subfield code="9">ms</subfield>
    <subfield code="0">(DHLAUTH)39911</subfield>
  </datafield>
  <datafield tag="710" ind1="2" ind2=" ">
    <subfield code="a">Namibia</subfield>
    <subfield code="9">ms</subfield>
    <subfield code="0">(DHLAUTH)176083</subfield>
  </datafield>
  <datafield tag="710" ind1="2" ind2=" ">
    <subfield code="a">Nepal</subfield>
    <subfield code="9">ms</subfield>
    <subfield code="0">(DHLAUTH)72617</subfield>
  </datafield>
  <datafield tag="710" ind1="2" ind2=" ">
    <subfield code="a">Netherlands</subfield>
    <subfield code="9">ms</subfield>
    <subfield code="0">(DHLAUTH)72619</subfield>
  </datafield>
  <datafield tag="710" ind1="2" ind2=" ">
    <subfield code="a">New Zealand</subfield>
    <subfield code="9">ms</subfield>
    <subfield code="0">(DHLAUTH)39937</subfield>
  </datafield>
  <datafield tag="710" ind1="2" ind2=" ">
    <subfield code="a">Niger</subfield>
    <subfield code="9">ms</subfield>
    <subfield code="0">(DHLAUTH)61321</subfield>
  </datafield>
  <datafield tag="710" ind1="2" ind2=" ">
    <subfield code="a">Nigeria</subfield>
    <subfield code="9">ms</subfield>
    <subfield code="0">(DHLAUTH)39943</subfield>
  </datafield>
  <datafield tag="710" ind1="2" ind2=" ">
    <subfield code="a">North Macedonia</subfield>
    <subfield code="9">ms</subfield>
    <subfield code="0">(DHLAUTH)898082</subfield>
  </datafield>
  <datafield tag="710" ind1="2" ind2=" ">
    <subfield code="a">Norway</subfield>
    <subfield code="9">ms</subfield>
    <subfield code="0">(DHLAUTH)72643</subfield>
  </datafield>
  <datafield tag="710" ind1="2" ind2=" ">
    <subfield code="a">Pakistan</subfield>
    <subfield code="9">ms</subfield>
    <subfield code="0">(DHLAUTH)72679</subfield>
  </datafield>
  <datafield tag="710" ind1="2" ind2=" ">
    <subfield code="a">Peru</subfield>
    <subfield code="9">ms</subfield>
    <subfield code="0">(DHLAUTH)40025</subfield>
  </datafield>
  <datafield tag="710" ind1="2" ind2=" ">
    <subfield code="a">Philippines</subfield>
    <subfield code="9">ms</subfield>
    <subfield code="0">(DHLAUTH)72765</subfield>
  </datafield>
  <datafield tag="710" ind1="2" ind2=" ">
    <subfield code="a">Portugal</subfield>
    <subfield code="9">ms</subfield>
    <subfield code="0">(DHLAUTH)40035</subfield>
  </datafield>
  <datafield tag="710" ind1="2" ind2=" ">
    <subfield code="a">Qatar</subfield>
    <subfield code="9">ms</subfield>
    <subfield code="0">(DHLAUTH)40037</subfield>
  </datafield>
  <datafield tag="710" ind1="2" ind2=" ">
    <subfield code="a">Republic of Korea</subfield>
    <subfield code="9">ms</subfield>
    <subfield code="0">(DHLAUTH)72805</subfield>
  </datafield>
  <datafield tag="710" ind1="2" ind2=" ">
    <subfield code="a">Romania</subfield>
    <subfield code="9">ms</subfield>
    <subfield code="0">(DHLAUTH)40047</subfield>
  </datafield>
  <datafield tag="710" ind1="2" ind2=" ">
    <subfield code="a">Russian Federation</subfield>
    <subfield code="9">ms</subfield>
    <subfield code="0">(DHLAUTH)123729</subfield>
  </datafield>
  <datafield tag="710" ind1="2" ind2=" ">
    <subfield code="a">Rwanda</subfield>
    <subfield code="9">ms</subfield>
    <subfield code="0">(DHLAUTH)40049</subfield>
  </datafield>
  <datafield tag="710" ind1="2" ind2=" ">
    <subfield code="a">Saint Vincent and the Grenadines</subfield>
    <subfield code="9">ms</subfield>
    <subfield code="0">(DHLAUTH)40059</subfield>
  </datafield>
  <datafield tag="710" ind1="2" ind2=" ">
    <subfield code="a">Senegal</subfield>
    <subfield code="9">ms</subfield>
    <subfield code="0">(DHLAUTH)72833</subfield>
  </datafield>
  <datafield tag="710" ind1="2" ind2=" ">
    <subfield code="a">Serbia</subfield>
    <subfield code="9">ms</subfield>
    <subfield code="0">(DHLAUTH)709794</subfield>
  </datafield>
  <datafield tag="710" ind1="2" ind2=" ">
    <subfield code="a">Slovakia</subfield>
    <subfield code="9">ms</subfield>
    <subfield code="0">(DHLAUTH)59648</subfield>
  </datafield>
  <datafield tag="710" ind1="2" ind2=" ">
    <subfield code="a">Slovenia</subfield>
    <subfield code="9">ms</subfield>
    <subfield code="0">(DHLAUTH)202569</subfield>
  </datafield>
  <datafield tag="710" ind1="2" ind2=" ">
    <subfield code="a">South Africa</subfield>
    <subfield code="9">ms</subfield>
    <subfield code="0">(DHLAUTH)72847</subfield>
  </datafield>
  <datafield tag="710" ind1="2" ind2=" ">
    <subfield code="a">Spain</subfield>
    <subfield code="9">ms</subfield>
    <subfield code="0">(DHLAUTH)72857</subfield>
  </datafield>
  <datafield tag="710" ind1="2" ind2=" ">
    <subfield code="a">Sri Lanka</subfield>
    <subfield code="9">ms</subfield>
    <subfield code="0">(DHLAUTH)72859</subfield>
  </datafield>
  <datafield tag="710" ind1="2" ind2=" ">
    <subfield code="a">Sudan</subfield>
    <subfield code="9">ms</subfield>
    <subfield code="0">(DHLAUTH)40061</subfield>
  </datafield>
  <datafield tag="710" ind1="2" ind2=" ">
    <subfield code="a">Sweden</subfield>
    <subfield code="9">ms</subfield>
    <subfield code="0">(DHLAUTH)72871</subfield>
  </datafield>
  <datafield tag="710" ind1="2" ind2=" ">
    <subfield code="a">Switzerland</subfield>
    <subfield code="9">ms</subfield>
    <subfield code="0">(DHLAUTH)72877</subfield>
  </datafield>
  <datafield tag="710" ind1="2" ind2=" ">
    <subfield code="a">Thailand</subfield>
    <subfield code="9">ms</subfield>
    <subfield code="0">(DHLAUTH)40067</subfield>
  </datafield>
  <datafield tag="710" ind1="2" ind2=" ">
    <subfield code="a">Tunisia</subfield>
    <subfield code="9">ms</subfield>
    <subfield code="0">(DHLAUTH)62197</subfield>
  </datafield>
  <datafield tag="710" ind1="2" ind2=" ">
    <subfield code="a">Turkey</subfield>
    <subfield code="9">ms</subfield>
    <subfield code="0">(DHLAUTH)40073</subfield>
  </datafield>
  <datafield tag="710" ind1="2" ind2=" ">
    <subfield code="a">Uganda</subfield>
    <subfield code="9">ms</subfield>
    <subfield code="0">(DHLAUTH)125009</subfield>
  </datafield>
  <datafield tag="710" ind1="2" ind2=" ">
    <subfield code="a">Ukraine</subfield>
    <subfield code="9">ms</subfield>
    <subfield code="0">(DHLAUTH)28897</subfield>
  </datafield>
  <datafield tag="710" ind1="2" ind2=" ">
    <subfield code="a">United Arab Emirates</subfield>
    <subfield code="9">ms</subfield>
    <subfield code="0">(DHLAUTH)40077</subfield>
  </datafield>
  <datafield tag="710" ind1="2" ind2=" ">
    <subfield code="a">United Kingdom</subfield>
    <subfield code="9">ms</subfield>
    <subfield code="0">(DHLAUTH)28884</subfield>
  </datafield>
  <datafield tag="710" ind1="2" ind2=" ">
    <subfield code="a">United States</subfield>
    <subfield code="9">ms</subfield>
    <subfield code="0">(DHLAUTH)28824</subfield>
  </datafield>
  <datafield tag="710" ind1="2" ind2=" ">
    <subfield code="a">Uruguay</subfield>
    <subfield code="9">ms</subfield>
    <subfield code="0">(DHLAUTH)40099</subfield>
  </datafield>
  <datafield tag="710" ind1="2" ind2=" ">
    <subfield code="a">Viet Nam</subfield>
    <subfield code="9">ms</subfield>
    <subfield code="0">(DHLAUTH)74708</subfield>
  </datafield>
  <datafield tag="856" ind1="4" ind2=" ">
    <subfield code="y">العربية</subfield>
    <subfield code="9">5e5412ac-eac5-46ca-af8f-9900106e0907</subfield>
    <subfield code="s">146174</subfield>
    <subfield code="u">https://digitallibrary.un.org/record/3878807/files/S_2020_838-AR.pdf</subfield>
  </datafield>
  <datafield tag="856" ind1="4" ind2=" ">
    <subfield code="y">中文</subfield>
    <subfield code="9">90f3aa05-2da0-49a7-9d32-67fcf9d371bc</subfield>
    <subfield code="s">281599</subfield>
    <subfield code="u">https://digitallibrary.un.org/record/3878807/files/S_2020_838-ZH.pdf</subfield>
  </datafield>
  <datafield tag="856" ind1="4" ind2=" ">
    <subfield code="y">English</subfield>
    <subfield code="9">bc216476-afde-4722-86dc-f44e1f878214</subfield>
    <subfield code="s">341752</subfield>
    <subfield code="u">https://digitallibrary.un.org/record/3878807/files/S_2020_838-EN.pdf</subfield>
  </datafield>
  <datafield tag="856" ind1="4" ind2=" ">
    <subfield code="y">Français</subfield>
    <subfield code="9">43cd26d4-f17f-4297-858b-8b36c6dcca98</subfield>
    <subfield code="s">214396</subfield>
    <subfield code="u">https://digitallibrary.un.org/record/3878807/files/S_2020_838-FR.pdf</subfield>
  </datafield>
  <datafield tag="856" ind1="4" ind2=" ">
    <subfield code="y">Русский</subfield>
    <subfield code="9">0543f3c7-9038-4f2d-8d83-54f6b179b13d</subfield>
    <subfield code="s">214837</subfield>
    <subfield code="u">https://digitallibrary.un.org/record/3878807/files/S_2020_838-RU.pdf</subfield>
  </datafield>
  <datafield tag="856" ind1="4" ind2=" ">
    <subfield code="y">Español</subfield>
    <subfield code="9">f41385ce-2039-4036-92a9-e02eb3757b1d</subfield>
    <subfield code="s">201420</subfield>
    <subfield code="u">https://digitallibrary.un.org/record/3878807/files/S_2020_838-ES.pdf</subfield>
  </datafield>
  <datafield tag="930" ind1=" " ind2=" ">
    <subfield code="a">UNDSE20</subfield>
  </datafield>
  <datafield tag="980" ind1=" " ind2=" ">
    <subfield code="a">BIB</subfield>
  </datafield>
  <datafield tag="981" ind1=" " ind2=" ">
    <subfield code="a">Security Council</subfield>
  </datafield>
  <datafield tag="989" ind1=" " ind2=" ">
    <subfield code="a">Documents and Publications</subfield>
    <subfield code="b">Draft Resolutions and Decisions</subfield>
  </datafield>
  <datafield tag="991" ind1="3" ind2=" ">
    <subfield code="a">S/75</subfield>
    <subfield code="b">[201]</subfield>
    <subfield code="d">WOMEN IN ARMED CONFLICTS</subfield>
    <subfield code="z">I</subfield>
    <subfield code="0">(DHLAUTH)907870</subfield>
  </datafield>
  <datafield tag="991" ind1="3" ind2=" ">
    <subfield code="a">S/75</subfield>
    <subfield code="b">[18]</subfield>
    <subfield code="d">PEACEKEEPING OPERATIONS</subfield>
    <subfield code="z">I</subfield>
    <subfield code="0">(DHLAUTH)907857</subfield>
  </datafield>
  <datafield tag="991" ind1="3" ind2=" ">
    <subfield code="a">S/</subfield>
    <subfield code="b">X</subfield>
    <subfield code="c">United Nations peacekeeping operations.</subfield>
    <subfield code="0">(DHLAUTH)922106</subfield>
  </datafield>
  <datafield tag="993" ind1="1" ind2=" ">
    <subfield code="a">S/RES/2538(2020)</subfield>
  </datafield>
  <datafield tag="998" ind1=" " ind2=" ">
    <subfield code="a">20200902085800</subfield>
    <subfield code="b">pacat</subfield>
    <subfield code="c">20220602120300</subfield>
    <subfield code="d">sh35cat</subfield>
    <subfield code="x">0x00010000c65d53ef</subfield>
    <subfield code="z">20220602160753</subfield>
  </datafield>
  <datafield tag="999" ind1=" " ind2=" ">
    <subfield code="a">paq20200902</subfield>
    <subfield code="b">20200902</subfield>
    <subfield code="c">q</subfield>
  </datafield>
  <datafield tag="999" ind1=" " ind2=" ">
    <subfield code="a">vvc20200902</subfield>
    <subfield code="b">20200902</subfield>
    <subfield code="c">c</subfield>
  </datafield>
  <datafield tag="999" ind1=" " ind2=" ">
    <subfield code="a">vwt20200903</subfield>
    <subfield code="b">20200903</subfield>
    <subfield code="c">t</subfield>
  </datafield>
</record>