
<record>
  <controlfield tag="000">00000nam a22000255a 4500</controlfield>
  <controlfield tag="001">3878808</controlfield>
  <controlfield tag="005">20210422064019.0</controlfield>
  <controlfield tag="008">200902s2020    usa    #r     |||1| eng d</controlfield>
  <datafield tag="029" ind1=" " ind2=" ">
    <subfield code="a">JN</subfield>
    <subfield code="b">N2011254 E</subfield>
  </datafield>
  <datafield tag="035" ind1=" " ind2=" ">
    <subfield code="a">(DHL)1272917</subfield>
  </datafield>
  <datafield tag="039" ind1=" " ind2=" ">
    <subfield code="a">DHU</subfield>
  </datafield>
  <datafield tag="040" ind1=" " ind2=" ">
    <subfield code="a">NNUN</subfield>
    <subfield code="b">eng</subfield>
  </datafield>
  <datafield tag="041" ind1=" " ind2=" ">
    <subfield code="a">eng</subfield>
  </datafield>
  <datafield tag="049" ind1=" " ind2=" ">
    <subfield code="a">usa</subfield>
  </datafield>
  <datafield tag="089" ind1=" " ind2=" ">
    <subfield code="b">B01</subfield>
  </datafield>
  <datafield tag="091" ind1=" " ind2=" ">
    <subfield code="a">GEN</subfield>
  </datafield>
  <datafield tag="099" ind1=" " ind2=" ">
    <subfield code="a">UNH</subfield>
    <subfield code="b">DHU</subfield>
  </datafield>
  <datafield tag="191" ind1=" " ind2=" ">
    <subfield code="a">S/RES/2538 (2020)</subfield>
    <subfield code="b">S/</subfield>
    <subfield code="c">75</subfield>
    <subfield code="9">X99</subfield>
    <subfield code="q">SRES25382020</subfield>
    <subfield code="q">SRES2538</subfield>
    <subfield code="r">S75</subfield>
    <subfield code="0">(DHLAUTH)897969</subfield>
  </datafield>
  <datafield tag="239" ind1="1" ind2="0">
    <subfield code="a">Security Council resolution 2538 (2020) [on women in peacekeeping operations]</subfield>
  </datafield>
  <datafield tag="245" ind1="0" ind2="0">
    <subfield code="a">Resolution 2538 (2020) /</subfield>
    <subfield code="c">adopted by the Security Council on 28 August 2020</subfield>
  </datafield>
  <datafield tag="260" ind1=" " ind2=" ">
    <subfield code="a">[New York] :</subfield>
    <subfield code="b">UN,</subfield>
    <subfield code="c">28 Aug. 2020</subfield>
  </datafield>
  <datafield tag="269" ind1=" " ind2=" ">
    <subfield code="a">2020-08-28</subfield>
  </datafield>
  <datafield tag="300" ind1=" " ind2=" ">
    <subfield code="a">4 p.</subfield>
  </datafield>
  <datafield tag="500" ind1=" " ind2=" ">
    <subfield code="a">Issued in: Resolutions and decisions of the Security Council, 2020 - S/INF/75 - (SCOR, 75th year).</subfield>
  </datafield>
  <datafield tag="650" ind1="1" ind2="7">
    <subfield code="a">WOMEN'S ADVANCEMENT</subfield>
    <subfield code="2">unbist</subfield>
    <subfield code="0">(DHLAUTH)273158</subfield>
  </datafield>
  <datafield tag="650" ind1="1" ind2="7">
    <subfield code="a">PEACEKEEPING OPERATIONS</subfield>
    <subfield code="2">unbist</subfield>
    <subfield code="0">(DHLAUTH)474428</subfield>
  </datafield>
  <datafield tag="710" ind1="2" ind2=" ">
    <subfield code="a">UN. Security Council (75th year : 2020)</subfield>
    <subfield code="0">(DHLAUTH)896842</subfield>
  </datafield>
  <datafield tag="856" ind1="4" ind2=" ">
    <subfield code="y">العربية</subfield>
    <subfield code="9">64978b18-fdd4-4248-a935-6049729471df</subfield>
    <subfield code="s">157628</subfield>
    <subfield code="u">https://digitallibrary.un.org/record/3878808/files/S_RES_2538_%282020%29-AR.pdf</subfield>
  </datafield>
  <datafield tag="856" ind1="4" ind2=" ">
    <subfield code="y">Other</subfield>
    <subfield code="9">ac7c15dd-dbaf-45ba-ace2-20a809e4a2d9</subfield>
    <subfield code="s">146102</subfield>
    <subfield code="u">https://digitallibrary.un.org/record/3878808/files/S_RES_2538_%282020%29-DE.pdf</subfield>
  </datafield>
  <datafield tag="856" ind1="4" ind2=" ">
    <subfield code="y">English</subfield>
    <subfield code="9">d00d01be-7a04-431b-a318-dc81d624fefd</subfield>
    <subfield code="s">327513</subfield>
    <subfield code="u">https://digitallibrary.un.org/record/3878808/files/S_RES_2538_%282020%29-EN.pdf</subfield>
  </datafield>
  <datafield tag="856" ind1="4" ind2=" ">
    <subfield code="y">Español</subfield>
    <subfield code="9">a8cacf54-e089-41ad-a99c-44ca99ad4328</subfield>
    <subfield code="s">186532</subfield>
    <subfield code="u">https://digitallibrary.un.org/record/3878808/files/S_RES_2538_%282020%29-ES.pdf</subfield>
  </datafield>
  <datafield tag="856" ind1="4" ind2=" ">
    <subfield code="y">Français</subfield>
    <subfield code="9">68beda9f-fdf1-4c0e-8b82-6201e78dbc0c</subfield>
    <subfield code="s">196350</subfield>
    <subfield code="u">https://digitallibrary.un.org/record/3878808/files/S_RES_2538_%282020%29-FR.pdf</subfield>
  </datafield>
  <datafield tag="856" ind1="4" ind2=" ">
    <subfield code="y">Русский</subfield>
    <subfield code="9">97b4047f-bdd6-47ca-94ba-31eff8d87117</subfield>
    <subfield code="s">200427</subfield>
    <subfield code="u">https://digitallibrary.un.org/record/3878808/files/S_RES_2538_%282020%29-RU.pdf</subfield>
  </datafield>
  <datafield tag="856" ind1="4" ind2=" ">
    <subfield code="y">中文</subfield>
    <subfield code="9">51b41316-3a20-4555-817c-b288624116b8</subfield>
    <subfield code="s">254236</subfield>
    <subfield code="u">https://digitallibrary.un.org/record/3878808/files/S_RES_2538_%282020%29-ZH.pdf</subfield>
  </datafield>
  <datafield tag="930" ind1=" " ind2=" ">
    <subfield code="a">UNDSE20</subfield>
  </datafield>
  <datafield tag="980" ind1=" " ind2=" ">
    <subfield code="a">BIB</subfield>
  </datafield>
  <datafield tag="981" ind1=" " ind2=" ">
    <subfield code="a">Security Council</subfield>
  </datafield>
  <datafield tag="989" ind1=" " ind2=" ">
    <subfield code="a">Documents and Publications</subfield>
    <subfield code="b">Resolutions and Decisions</subfield>
    <subfield code="c">Resolutions</subfield>
  </datafield>
  <datafield tag="991" ind1="3" ind2=" ">
    <subfield code="a">S/75</subfield>
    <subfield code="b">[201]</subfield>
    <subfield code="d">WOMEN IN ARMED CONFLICTS</subfield>
    <subfield code="z">I</subfield>
    <subfield code="0">(DHLAUTH)907870</subfield>
  </datafield>
  <datafield tag="991" ind1="3" ind2=" ">
    <subfield code="a">S/75</subfield>
    <subfield code="b">[18]</subfield>
    <subfield code="d">PEACEKEEPING OPERATIONS</subfield>
    <subfield code="z">I</subfield>
    <subfield code="0">(DHLAUTH)907857</subfield>
  </datafield>
  <datafield tag="991" ind1="3" ind2=" ">
    <subfield code="a">S/</subfield>
    <subfield code="b">X</subfield>
    <subfield code="c">United Nations peacekeeping operations.</subfield>
    <subfield code="0">(DHLAUTH)922106</subfield>
  </datafield>
  <datafield tag="992" ind1=" " ind2=" ">
    <subfield code="a">2020-08-28</subfield>
  </datafield>
  <datafield tag="993" ind1="2" ind2=" ">
    <subfield code="a">S/2020/838</subfield>
  </datafield>
  <datafield tag="996" ind1=" " ind2=" ">
    <subfield code="a">Adopted unanimously; voting by mail</subfield>
  </datafield>
  <datafield tag="998" ind1=" " ind2=" ">
    <subfield code="a">20200902085900</subfield>
    <subfield code="b">pacat</subfield>
    <subfield code="c">20210421154200</subfield>
    <subfield code="d">vvcat</subfield>
    <subfield code="x">0x00010000c344f23e</subfield>
    <subfield code="z">20210422102935</subfield>
  </datafield>
  <datafield tag="999" ind1=" " ind2=" ">
    <subfield code="a">paq20200902</subfield>
    <subfield code="b">20200902</subfield>
    <subfield code="c">q</subfield>
  </datafield>
  <datafield tag="999" ind1=" " ind2=" ">
    <subfield code="a">vvc20200902</subfield>
    <subfield code="b">20200902</subfield>
    <subfield code="c">c</subfield>
  </datafield>
  <datafield tag="999" ind1=" " ind2=" ">
    <subfield code="a">vwt20200903</subfield>
    <subfield code="b">20200903</subfield>
    <subfield code="c">t</subfield>
  </datafield>
</record>