
<record>
  <controlfield tag="000">00000nam a2200025#a 4500</controlfield>
  <controlfield tag="001">789510</controlfield>
  <controlfield tag="005">20210702103248.0</controlfield>
  <controlfield tag="008">150316s2014    usa    #r     |||1| eng d</controlfield>
  <datafield tag="029" ind1=" " ind2=" ">
    <subfield code="a">JN</subfield>
    <subfield code="b">N1465510 E</subfield>
  </datafield>
  <datafield tag="035" ind1=" " ind2=" ">
    <subfield code="a">(DHL)1045975</subfield>
  </datafield>
  <datafield tag="039" ind1=" " ind2=" ">
    <subfield code="a">DHU</subfield>
  </datafield>
  <datafield tag="040" ind1=" " ind2=" ">
    <subfield code="a">NNUN</subfield>
    <subfield code="b">eng</subfield>
  </datafield>
  <datafield tag="041" ind1="0" ind2=" ">
    <subfield code="a">arachiengfrerusspa</subfield>
  </datafield>
  <datafield tag="049" ind1=" " ind2=" ">
    <subfield code="a">usa</subfield>
  </datafield>
  <datafield tag="089" ind1=" " ind2=" ">
    <subfield code="b">B21</subfield>
  </datafield>
  <datafield tag="091" ind1=" " ind2=" ">
    <subfield code="a">GEN</subfield>
  </datafield>
  <datafield tag="099" ind1=" " ind2=" ">
    <subfield code="a">UNH</subfield>
    <subfield code="b">DHU</subfield>
  </datafield>
  <datafield tag="191" ind1=" " ind2=" ">
    <subfield code="a">E/CN.6/2015/NGO/132</subfield>
    <subfield code="b">E/CN.6/</subfield>
    <subfield code="c">59</subfield>
    <subfield code="q">ECN62015NGO132</subfield>
    <subfield code="r">ECN659</subfield>
    <subfield code="0">(DHLAUTH)860715</subfield>
  </datafield>
  <datafield tag="245" ind1="1" ind2="0">
    <subfield code="a">Statement /</subfield>
    <subfield code="c">submitted by National Council of Women of the United States and Sociologists for Women in Society</subfield>
  </datafield>
  <datafield tag="260" ind1=" " ind2=" ">
    <subfield code="a">[New York] :</subfield>
    <subfield code="b">UN,</subfield>
    <subfield code="c">28 Nov. 2014</subfield>
  </datafield>
  <datafield tag="269" ind1=" " ind2=" ">
    <subfield code="a">2014-11-28</subfield>
  </datafield>
  <datafield tag="300" ind1=" " ind2=" ">
    <subfield code="a">4 p.</subfield>
  </datafield>
  <datafield tag="650" ind1="1" ind2="7">
    <subfield code="a">GENDER-BASED VIOLENCE</subfield>
    <subfield code="2">unbist</subfield>
    <subfield code="0">(DHLAUTH)276684</subfield>
  </datafield>
  <datafield tag="650" ind1="1" ind2="7">
    <subfield code="a">PEACEKEEPING OPERATIONS</subfield>
    <subfield code="2">unbist</subfield>
    <subfield code="0">(DHLAUTH)474428</subfield>
  </datafield>
  <datafield tag="650" ind1="1" ind2="7">
    <subfield code="a">PROSTITUTION</subfield>
    <subfield code="2">unbist</subfield>
    <subfield code="0">(DHLAUTH)273893</subfield>
  </datafield>
  <datafield tag="650" ind1="1" ind2="7">
    <subfield code="a">WOMEN'S EDUCATION</subfield>
    <subfield code="2">unbist</subfield>
    <subfield code="0">(DHLAUTH)463028</subfield>
  </datafield>
  <datafield tag="650" ind1="1" ind2="7">
    <subfield code="a">MASS MEDIA</subfield>
    <subfield code="2">unbist</subfield>
    <subfield code="0">(DHLAUTH)272747</subfield>
  </datafield>
  <datafield tag="710" ind1="2" ind2=" ">
    <subfield code="a">National Council of Women of the United States</subfield>
    <subfield code="0">(DHLAUTH)449808</subfield>
  </datafield>
  <datafield tag="710" ind1="2" ind2=" ">
    <subfield code="a">Sociologists for Women in Society (United States)</subfield>
    <subfield code="0">(DHLAUTH)544044</subfield>
  </datafield>
  <datafield tag="856" ind1="4" ind2=" ">
    <subfield code="y">العربية</subfield>
    <subfield code="9">a8af67a3-05a7-4292-b8b2-d7834cc201ff</subfield>
    <subfield code="s">84733</subfield>
    <subfield code="u">https://digitallibrary.un.org/record/789510/files/E_CN.6_2015_NGO_132-AR.pdf</subfield>
  </datafield>
  <datafield tag="856" ind1="4" ind2=" ">
    <subfield code="y">English</subfield>
    <subfield code="9">4eb9ead2-23b5-4bdf-84c1-f1ccc07178d4</subfield>
    <subfield code="s">190327</subfield>
    <subfield code="u">https://digitallibrary.un.org/record/789510/files/E_CN.6_2015_NGO_132-EN.pdf</subfield>
  </datafield>
  <datafield tag="856" ind1="4" ind2=" ">
    <subfield code="y">Español</subfield>
    <subfield code="9">fb2b0ced-f85c-46b8-897f-fecd4dc16f83</subfield>
    <subfield code="s">126202</subfield>
    <subfield code="u">https://digitallibrary.un.org/record/789510/files/E_CN.6_2015_NGO_132-ES.pdf</subfield>
  </datafield>
  <datafield tag="856" ind1="4" ind2=" ">
    <subfield code="y">Français</subfield>
    <subfield code="9">26cd14f1-6b62-44ca-a867-33757247c98c</subfield>
    <subfield code="s">197774</subfield>
    <subfield code="u">https://digitallibrary.un.org/record/789510/files/E_CN.6_2015_NGO_132-FR.pdf</subfield>
  </datafield>
  <datafield tag="856" ind1="4" ind2=" ">
    <subfield code="y">Русский</subfield>
    <subfield code="9">9754a707-0044-4e37-b982-582e719f5fc8</subfield>
    <subfield code="s">222864</subfield>
    <subfield code="u">https://digitallibrary.un.org/record/789510/files/E_CN.6_2015_NGO_132-RU.pdf</subfield>
  </datafield>
  <datafield tag="856" ind1="4" ind2=" ">
    <subfield code="y">中文</subfield>
    <subfield code="9">e116ef03-d803-45d5-9d07-4338ffad8a88</subfield>
    <subfield code="s">202838</subfield>
    <subfield code="u">https://digitallibrary.un.org/record/789510/files/E_CN.6_2015_NGO_132-ZH.pdf</subfield>
  </datafield>
  <datafield tag="930" ind1=" " ind2=" ">
    <subfield code="a">UNDMA15</subfield>
  </datafield>
  <datafield tag="949" ind1=" " ind2=" ">
    <subfield code="9">E/CN.6/2015/NGO/132</subfield>
    <subfield code="b">10000001045975</subfield>
    <subfield code="i">1959607</subfield>
    <subfield code="k">unes</subfield>
    <subfield code="c">c. 1</subfield>
    <subfield code="l">DHL</subfield>
    <subfield code="z">t</subfield>
    <subfield code="m">28day</subfield>
    <subfield code="d">20150316000000</subfield>
  </datafield>
  <datafield tag="980" ind1=" " ind2=" ">
    <subfield code="a">BIB</subfield>
  </datafield>
  <datafield tag="981" ind1=" " ind2=" ">
    <subfield code="a">Economic and Social Council</subfield>
  </datafield>
  <datafield tag="989" ind1=" " ind2=" ">
    <subfield code="a">Documents and Publications</subfield>
    <subfield code="b">NGO Written Statements</subfield>
  </datafield>
  <datafield tag="991" ind1=" " ind2=" ">
    <subfield code="a">E/CN.6/2015/1</subfield>
    <subfield code="b">3</subfield>
    <subfield code="c">Follow-up to the 4th World Conference on Women and to the 23rd special session of the General Assembly, entitled "Women 2000: gender equality, development and peace for the 21st century".</subfield>
    <subfield code="0">(DHLAUTH)860771</subfield>
  </datafield>
  <datafield tag="998" ind1=" " ind2=" ">
    <subfield code="a">20150316155300</subfield>
    <subfield code="b">pnser</subfield>
    <subfield code="c">20210701135800</subfield>
    <subfield code="d">sh35cat</subfield>
    <subfield code="x">0x00010000c3bfcf3f</subfield>
    <subfield code="z">20210701202950</subfield>
  </datafield>
  <datafield tag="999" ind1=" " ind2=" ">
    <subfield code="a">pgr20160518</subfield>
    <subfield code="b">20160518</subfield>
    <subfield code="c">r</subfield>
  </datafield>
  <datafield tag="999" ind1=" " ind2=" ">
    <subfield code="a">kpmc20151201</subfield>
    <subfield code="b">20151201</subfield>
    <subfield code="c">c</subfield>
  </datafield>
  <datafield tag="999" ind1=" " ind2=" ">
    <subfield code="a">pnq20150316</subfield>
    <subfield code="b">20150316</subfield>
    <subfield code="c">q</subfield>
  </datafield>
  <datafield tag="999" ind1=" " ind2=" ">
    <subfield code="a">pnp20150316</subfield>
    <subfield code="b">20150316</subfield>
    <subfield code="c">p</subfield>
  </datafield>
</record>