
<record>
  <controlfield tag="000">00433nam a2200205#a 450|</controlfield>
  <controlfield tag="001">529507</controlfield>
  <controlfield tag="005">20191105154314.0</controlfield>
  <controlfield tag="008">040908c2004    usa    #r     00010 eng d</controlfield>
  <datafield tag="029" ind1=" " ind2=" ">
    <subfield code="a">JN</subfield>
    <subfield code="b">N0444545 E</subfield>
  </datafield>
  <datafield tag="035" ind1=" " ind2=" ">
    <subfield code="a">D751412X</subfield>
    <subfield code="z">D0310315</subfield>
  </datafield>
  <datafield tag="035" ind1=" " ind2=" ">
    <subfield code="a">(DHL)751412</subfield>
  </datafield>
  <datafield tag="039" ind1=" " ind2=" ">
    <subfield code="a">DHU</subfield>
  </datafield>
  <datafield tag="040" ind1=" " ind2=" ">
    <subfield code="a">NNUN</subfield>
    <subfield code="b">eng</subfield>
  </datafield>
  <datafield tag="041" ind1="0" ind2=" ">
    <subfield code="a">arachiengfrerusspa</subfield>
  </datafield>
  <datafield tag="049" ind1=" " ind2=" ">
    <subfield code="a">USA</subfield>
  </datafield>
  <datafield tag="089" ind1=" " ind2=" ">
    <subfield code="b">B15</subfield>
  </datafield>
  <datafield tag="089" ind1=" " ind2=" ">
    <subfield code="b">B16</subfield>
  </datafield>
  <datafield tag="091" ind1=" " ind2=" ">
    <subfield code="a">GEN</subfield>
  </datafield>
  <datafield tag="099" ind1=" " ind2=" ">
    <subfield code="a">UNH</subfield>
    <subfield code="b">DHU</subfield>
  </datafield>
  <datafield tag="191" ind1=" " ind2=" ">
    <subfield code="a">A/59/185</subfield>
    <subfield code="b">A/</subfield>
    <subfield code="c">59</subfield>
    <subfield code="9">G00</subfield>
    <subfield code="f">2.0381</subfield>
    <subfield code="q">A59185</subfield>
    <subfield code="r">A59</subfield>
    <subfield code="0">655121</subfield>
  </datafield>
  <datafield tag="245" ind1="1" ind2="0">
    <subfield code="a">Trafficking in women and girls : </subfield>
    <subfield code="b">report of the Secretary-General</subfield>
  </datafield>
  <datafield tag="260" ind1=" " ind2=" ">
    <subfield code="a">[New York] :</subfield>
    <subfield code="b">UN,</subfield>
    <subfield code="c">28 July 2004</subfield>
  </datafield>
  <datafield tag="269" ind1=" " ind2=" ">
    <subfield code="a">2004-07-28</subfield>
  </datafield>
  <datafield tag="300" ind1=" " ind2=" ">
    <subfield code="a">22 p.</subfield>
  </datafield>
  <datafield tag="500" ind1=" " ind2=" ">
    <subfield code="a">Submitted pursuant to General Assembly resolution 57/176 of 18 Dec. 2002.</subfield>
  </datafield>
  <datafield tag="500" ind1=" " ind2=" ">
    <subfield code="a">Includes notes.</subfield>
  </datafield>
  <datafield tag="610" ind1="2" ind2="7">
    <subfield code="2">unbisn</subfield>
    <subfield code="a">UN System</subfield>
    <subfield code="0">13838</subfield>
  </datafield>
  <datafield tag="610" ind1="2" ind2="7">
    <subfield code="2">unbisn</subfield>
    <subfield code="a">UN. Economic and Social Council</subfield>
    <subfield code="0">49887</subfield>
  </datafield>
  <datafield tag="610" ind1="2" ind2="7">
    <subfield code="2">unbisn</subfield>
    <subfield code="a">UN. Commission on Human Rights</subfield>
    <subfield code="0">49971</subfield>
  </datafield>
  <datafield tag="610" ind1="2" ind2="7">
    <subfield code="2">unbisn</subfield>
    <subfield code="a">UN. Division for the Advancement of Women</subfield>
    <subfield code="0">87058</subfield>
  </datafield>
  <datafield tag="610" ind1="2" ind2="7">
    <subfield code="2">unbisn</subfield>
    <subfield code="a">UN. Department of Peacekeeping Operations</subfield>
    <subfield code="0">54500</subfield>
  </datafield>
  <datafield tag="610" ind1="2" ind2="7">
    <subfield code="2">unbisn</subfield>
    <subfield code="a">UN. Office of the High Commissioner for Human Rights</subfield>
    <subfield code="0">80157</subfield>
  </datafield>
  <datafield tag="610" ind1="2" ind2="7">
    <subfield code="2">unbisn</subfield>
    <subfield code="a">UN. ESCAP</subfield>
    <subfield code="0">13871</subfield>
  </datafield>
  <datafield tag="610" ind1="2" ind2="7">
    <subfield code="2">unbisn</subfield>
    <subfield code="a">UN Development Fund for Women</subfield>
    <subfield code="0">41782</subfield>
  </datafield>
  <datafield tag="610" ind1="2" ind2="7">
    <subfield code="2">unbisn</subfield>
    <subfield code="a">UNICEF</subfield>
    <subfield code="0">13939</subfield>
  </datafield>
  <datafield tag="610" ind1="2" ind2="7">
    <subfield code="2">unbisn</subfield>
    <subfield code="a">UNFPA</subfield>
    <subfield code="0">15815</subfield>
  </datafield>
  <datafield tag="610" ind1="2" ind2="7">
    <subfield code="2">unbisn</subfield>
    <subfield code="a">WHO</subfield>
    <subfield code="0">15241</subfield>
  </datafield>
  <datafield tag="610" ind1="2" ind2="7">
    <subfield code="2">unbisn</subfield>
    <subfield code="a">International Organization for Migration</subfield>
    <subfield code="0">55039</subfield>
  </datafield>
  <datafield tag="630" ind1="0" ind2="7">
    <subfield code="a">UN Convention against Transnational Organized Crime (2000)</subfield>
    <subfield code="2">unbisn</subfield>
    <subfield code="0">467742</subfield>
  </datafield>
  <datafield tag="630" ind1="0" ind2="7">
    <subfield code="a">Protocol to Prevent, Suppress and Punish Trafficking in Persons, Especially Women and Children, supplementing the United Nations Convention against Transnational Organized Crime (2000)</subfield>
    <subfield code="2">unbisn</subfield>
    <subfield code="0">533630</subfield>
  </datafield>
  <datafield tag="630" ind1="0" ind2="7">
    <subfield code="a">UN Year against Trafficking in Persons (Proposed)</subfield>
    <subfield code="2">unbisn</subfield>
    <subfield code="0">590971</subfield>
  </datafield>
  <datafield tag="650" ind1="1" ind2="7">
    <subfield code="2">unbist</subfield>
    <subfield code="a">TRAFFICKING IN PERSONS</subfield>
    <subfield code="0">610025</subfield>
  </datafield>
  <datafield tag="650" ind1="1" ind2="7">
    <subfield code="2">unbist</subfield>
    <subfield code="a">WOMEN</subfield>
    <subfield code="0">273032</subfield>
  </datafield>
  <datafield tag="650" ind1="1" ind2="7">
    <subfield code="2">unbist</subfield>
    <subfield code="a">GIRLS</subfield>
    <subfield code="0">272930</subfield>
  </datafield>
  <datafield tag="650" ind1="1" ind2="7">
    <subfield code="2">unbist</subfield>
    <subfield code="a">HUMAN RIGHTS</subfield>
    <subfield code="0">274431</subfield>
  </datafield>
  <datafield tag="650" ind1="1" ind2="7">
    <subfield code="2">unbist</subfield>
    <subfield code="a">INTERNATIONAL OBLIGATIONS</subfield>
    <subfield code="0">269329</subfield>
  </datafield>
  <datafield tag="650" ind1="2" ind2="7">
    <subfield code="2">unbist</subfield>
    <subfield code="a">SIGNATURES, ACCESSIONS, RATIFICATIONS</subfield>
    <subfield code="0">275982</subfield>
  </datafield>
  <datafield tag="650" ind1="2" ind2="7">
    <subfield code="2">unbist</subfield>
    <subfield code="a">LAWS AND REGULATIONS</subfield>
    <subfield code="0">268352</subfield>
  </datafield>
  <datafield tag="650" ind1="2" ind2="7">
    <subfield code="2">unbist</subfield>
    <subfield code="a">PROSECUTION</subfield>
    <subfield code="0">269261</subfield>
  </datafield>
  <datafield tag="650" ind1="2" ind2="7">
    <subfield code="2">unbist</subfield>
    <subfield code="a">CRIME VICTIMS</subfield>
    <subfield code="0">268385</subfield>
  </datafield>
  <datafield tag="650" ind1="2" ind2="7">
    <subfield code="2">unbist</subfield>
    <subfield code="a">INTERNATIONAL COOPERATION</subfield>
    <subfield code="0">268622</subfield>
  </datafield>
  <datafield tag="650" ind1="2" ind2="7">
    <subfield code="2">unbist</subfield>
    <subfield code="a">SPECIAL RAPPORTEURS</subfield>
    <subfield code="0">276057</subfield>
  </datafield>
  <datafield tag="650" ind1="2" ind2="7">
    <subfield code="2">unbist</subfield>
    <subfield code="a">TREATY-MONITORING BODIES</subfield>
    <subfield code="0">269486</subfield>
  </datafield>
  <datafield tag="650" ind1="2" ind2="7">
    <subfield code="2">unbist</subfield>
    <subfield code="a">INTERNATIONAL ORGANIZATIONS</subfield>
    <subfield code="0">268671</subfield>
  </datafield>
  <datafield tag="650" ind1="2" ind2="7">
    <subfield code="2">unbist</subfield>
    <subfield code="a">RECOMMENDATIONS</subfield>
    <subfield code="0">275840</subfield>
  </datafield>
  <datafield tag="710" ind1="2" ind2=" ">
    <subfield code="a">UN. Secretary-General</subfield>
    <subfield code="0">10663</subfield>
  </datafield>
  <datafield tag="856" ind1="4" ind2=" ">
    <subfield code="y">العربية</subfield>
    <subfield code="s">416211</subfield>
    <subfield code="u">http://digitallibrary.un.org/record/529507/files/A_59_185-AR.pdf</subfield>
  </datafield>
  <datafield tag="856" ind1="4" ind2=" ">
    <subfield code="y">English</subfield>
    <subfield code="s">95641</subfield>
    <subfield code="u">http://digitallibrary.un.org/record/529507/files/A_59_185-EN.pdf</subfield>
  </datafield>
  <datafield tag="856" ind1="4" ind2=" ">
    <subfield code="y">Español</subfield>
    <subfield code="s">205657</subfield>
    <subfield code="u">http://digitallibrary.un.org/record/529507/files/A_59_185-ES.pdf</subfield>
  </datafield>
  <datafield tag="856" ind1="4" ind2=" ">
    <subfield code="y">Français</subfield>
    <subfield code="s">201391</subfield>
    <subfield code="u">http://digitallibrary.un.org/record/529507/files/A_59_185-FR.pdf</subfield>
  </datafield>
  <datafield tag="856" ind1="4" ind2=" ">
    <subfield code="y">Русский</subfield>
    <subfield code="s">388886</subfield>
    <subfield code="u">http://digitallibrary.un.org/record/529507/files/A_59_185-RU.pdf</subfield>
  </datafield>
  <datafield tag="856" ind1="4" ind2=" ">
    <subfield code="y">中文</subfield>
    <subfield code="s">425683</subfield>
    <subfield code="u">http://digitallibrary.un.org/record/529507/files/A_59_185-ZH.pdf</subfield>
  </datafield>
  <datafield tag="930" ind1=" " ind2=" ">
    <subfield code="a">UNDSE04</subfield>
  </datafield>
  <datafield tag="930" ind1=" " ind2=" ">
    <subfield code="a">UDIQ204</subfield>
    <subfield code="b">2.0381</subfield>
  </datafield>
  <datafield tag="949" ind1=" " ind2=" ">
    <subfield code="9">A/59/185</subfield>
    <subfield code="b">1240623.3.1</subfield>
    <subfield code="i">1240623</subfield>
    <subfield code="k">unfs</subfield>
    <subfield code="c">c. 1</subfield>
    <subfield code="l">DHL</subfield>
    <subfield code="z">t</subfield>
    <subfield code="m">14day</subfield>
    <subfield code="d">20040907200000</subfield>
  </datafield>
  <datafield tag="949" ind1=" " ind2=" ">
    <subfield code="9">A/59/185</subfield>
    <subfield code="b">1240621.1.1</subfield>
    <subfield code="i">1240621</subfield>
    <subfield code="k">uncs</subfield>
    <subfield code="c">c. 1</subfield>
    <subfield code="l">DHL</subfield>
    <subfield code="z">t</subfield>
    <subfield code="m">14day</subfield>
    <subfield code="d">20040907200000</subfield>
  </datafield>
  <datafield tag="949" ind1=" " ind2=" ">
    <subfield code="9">A/59/185</subfield>
    <subfield code="b">1240622.2.1</subfield>
    <subfield code="i">1240622</subfield>
    <subfield code="k">unes</subfield>
    <subfield code="c">c. 1</subfield>
    <subfield code="l">DHL</subfield>
    <subfield code="z">t</subfield>
    <subfield code="m">14day</subfield>
    <subfield code="d">20040907200000</subfield>
  </datafield>
  <datafield tag="949" ind1=" " ind2=" ">
    <subfield code="9">A/59/185</subfield>
    <subfield code="b">1240625.5.1</subfield>
    <subfield code="i">1240625</subfield>
    <subfield code="k">unss</subfield>
    <subfield code="c">c. 1</subfield>
    <subfield code="l">DHL</subfield>
    <subfield code="z">t</subfield>
    <subfield code="m">14day</subfield>
    <subfield code="d">20040907200000</subfield>
  </datafield>
  <datafield tag="949" ind1=" " ind2=" ">
    <subfield code="9">A/59/185</subfield>
    <subfield code="b">1240624.4.1</subfield>
    <subfield code="i">1240624</subfield>
    <subfield code="k">unrs</subfield>
    <subfield code="c">c. 1</subfield>
    <subfield code="l">DHL</subfield>
    <subfield code="z">t</subfield>
    <subfield code="m">14day</subfield>
    <subfield code="d">20040907200000</subfield>
  </datafield>
  <datafield tag="949" ind1=" " ind2=" ">
    <subfield code="9">A/59/185</subfield>
    <subfield code="b">7514121</subfield>
    <subfield code="i">1240620</subfield>
    <subfield code="k">unas</subfield>
    <subfield code="c">c. 1</subfield>
    <subfield code="l">DHL</subfield>
    <subfield code="z">t</subfield>
    <subfield code="m">14day</subfield>
    <subfield code="d">20040907200000</subfield>
  </datafield>
  <datafield tag="980" ind1=" " ind2=" ">
    <subfield code="a">BIB</subfield>
  </datafield>
  <datafield tag="981" ind1=" " ind2=" ">
    <subfield code="a">General Assembly</subfield>
    <subfield code="b">General Assembly Plenary</subfield>
  </datafield>
  <datafield tag="989" ind1=" " ind2=" ">
    <subfield code="a">Documents and Publications</subfield>
    <subfield code="b">Reports</subfield>
    <subfield code="c">Secretary-General's Reports</subfield>
  </datafield>
  <datafield tag="991" ind1="1" ind2=" ">
    <subfield code="a">A/59/251</subfield>
    <subfield code="b">98</subfield>
    <subfield code="c">Advancement of women.</subfield>
    <subfield code="d">WOMEN'S ADVANCEMENT</subfield>
    <subfield code="z">I0183349</subfield>
    <subfield code="0">(DHLAUTH)657196</subfield>
  </datafield>
  <datafield tag="998" ind1=" " ind2=" ">
    <subfield code="a">20040908063900</subfield>
    <subfield code="b">dgcat</subfield>
    <subfield code="c">20181206055300</subfield>
    <subfield code="d">vvcat</subfield>
    <subfield code="z">20181207141845</subfield>
  </datafield>
  <datafield tag="999" ind1=" " ind2=" ">
    <subfield code="a">pgt20040908</subfield>
    <subfield code="b">20040908</subfield>
    <subfield code="c">t</subfield>
  </datafield>
  <datafield tag="999" ind1=" " ind2=" ">
    <subfield code="a">dgq20040908</subfield>
    <subfield code="b">20040908</subfield>
    <subfield code="c">q</subfield>
  </datafield>
  <datafield tag="999" ind1=" " ind2=" ">
    <subfield code="a">alac20040908</subfield>
    <subfield code="b">20040908</subfield>
    <subfield code="c">c</subfield>
  </datafield>
  <datafield tag="999" ind1=" " ind2=" ">
    <subfield code="a">slr20040909</subfield>
    <subfield code="b">20040909</subfield>
    <subfield code="c">r</subfield>
  </datafield>
</record>