
<record>
  <controlfield tag="000">01284cam a2200433#  4500</controlfield>
  <controlfield tag="001">180825</controlfield>
  <controlfield tag="005">20230412115650.0</controlfield>
  <controlfield tag="008">950608s1995    usa     r           eng u</controlfield>
  <datafield tag="029" ind1=" " ind2=" ">
    <subfield code="a">JN</subfield>
    <subfield code="b">N9505200 E</subfield>
  </datafield>
  <datafield tag="035" ind1=" " ind2=" ">
    <subfield code="a">D337339X</subfield>
    <subfield code="z">D0165624</subfield>
  </datafield>
  <datafield tag="035" ind1=" " ind2=" ">
    <subfield code="a">(DHL)337339</subfield>
  </datafield>
  <datafield tag="039" ind1=" " ind2=" ">
    <subfield code="a">DHU</subfield>
  </datafield>
  <datafield tag="040" ind1=" " ind2=" ">
    <subfield code="a">NNUN</subfield>
    <subfield code="b">eng</subfield>
  </datafield>
  <datafield tag="041" ind1=" " ind2=" ">
    <subfield code="a">arachiengfrerusspa</subfield>
  </datafield>
  <datafield tag="049" ind1=" " ind2=" ">
    <subfield code="a">usa</subfield>
  </datafield>
  <datafield tag="069" ind1=" " ind2=" ">
    <subfield code="a">HUR</subfield>
    <subfield code="b">0704</subfield>
  </datafield>
  <datafield tag="089" ind1=" " ind2=" ">
    <subfield code="a">Reports/letters (UN Secretary-General)</subfield>
    <subfield code="b">B15</subfield>
  </datafield>
  <datafield tag="089" ind1=" " ind2=" ">
    <subfield code="a">Reports/studies</subfield>
    <subfield code="b">B16</subfield>
  </datafield>
  <datafield tag="091" ind1=" " ind2=" ">
    <subfield code="a">GEN</subfield>
  </datafield>
  <datafield tag="099" ind1=" " ind2=" ">
    <subfield code="a">UNH</subfield>
    <subfield code="b">DHU</subfield>
  </datafield>
  <datafield tag="191" ind1=" " ind2=" ">
    <subfield code="a">E/CN.6/1995/12</subfield>
    <subfield code="b">E/CN.6/</subfield>
    <subfield code="c">39</subfield>
    <subfield code="d">E/CN.6/</subfield>
    <subfield code="e">1995/12</subfield>
    <subfield code="f">014784</subfield>
    <subfield code="q">ECN6199512</subfield>
    <subfield code="r">ECN639</subfield>
    <subfield code="0">(DHLAUTH)434497</subfield>
  </datafield>
  <datafield tag="245" ind1="1" ind2="0">
    <subfield code="a">Participation of women in political life and decision-making :</subfield>
    <subfield code="b">report of the Secretary-General.</subfield>
  </datafield>
  <datafield tag="260" ind1=" " ind2=" ">
    <subfield code="a">[New York] :</subfield>
    <subfield code="b">UN,</subfield>
    <subfield code="c">21 Feb. 1995.</subfield>
  </datafield>
  <datafield tag="269" ind1=" " ind2=" ">
    <subfield code="a">1995-02-21</subfield>
  </datafield>
  <datafield tag="300" ind1=" " ind2=" ">
    <subfield code="a">18 p. :</subfield>
    <subfield code="b">tables</subfield>
  </datafield>
  <datafield tag="650" ind1="0" ind2="7">
    <subfield code="a">WOMEN'S STATUS</subfield>
    <subfield code="0">(DHLAUTH)269378</subfield>
  </datafield>
  <datafield tag="650" ind1="0" ind2="7">
    <subfield code="a">WOMEN'S RIGHTS</subfield>
    <subfield code="0">(DHLAUTH)273161</subfield>
  </datafield>
  <datafield tag="650" ind1="0" ind2="7">
    <subfield code="a">WOMEN'S ADVANCEMENT</subfield>
    <subfield code="0">(DHLAUTH)273158</subfield>
  </datafield>
  <datafield tag="650" ind1="0" ind2="7">
    <subfield code="a">WOMEN IN POLITICS</subfield>
    <subfield code="0">(DHLAUTH)268479</subfield>
  </datafield>
  <datafield tag="650" ind1="0" ind2="7">
    <subfield code="a">PEACEKEEPING OPERATIONS</subfield>
    <subfield code="0">(DHLAUTH)474428</subfield>
  </datafield>
  <datafield tag="650" ind1="0" ind2="7">
    <subfield code="a">STATISTICAL DATA</subfield>
    <subfield code="0">(DHLAUTH)270233</subfield>
  </datafield>
  <datafield tag="650" ind1="0" ind2="7">
    <subfield code="a">DECISION-MAKING</subfield>
    <subfield code="0">(DHLAUTH)270223</subfield>
  </datafield>
  <datafield tag="710" ind1="2" ind2="0">
    <subfield code="a">UN. Secretary-General</subfield>
    <subfield code="0">(DHLAUTH)10663</subfield>
  </datafield>
  <datafield tag="856" ind1="4" ind2=" ">
    <subfield code="y">العربية</subfield>
    <subfield code="9">3e322364-cafe-4026-a60b-80f5982f1011</subfield>
    <subfield code="s">132011</subfield>
    <subfield code="u">https://digitallibrary.un.org/record/180825/files/E_CN.6_1995_12-AR.pdf</subfield>
  </datafield>
  <datafield tag="856" ind1="4" ind2=" ">
    <subfield code="y">English</subfield>
    <subfield code="9">786d39eb-9973-4783-a520-bc06b4607c7a</subfield>
    <subfield code="s">45466</subfield>
    <subfield code="u">https://digitallibrary.un.org/record/180825/files/E_CN.6_1995_12-EN.pdf</subfield>
  </datafield>
  <datafield tag="856" ind1="4" ind2=" ">
    <subfield code="y">Español</subfield>
    <subfield code="9">58f4541b-9fed-4ba7-b206-dc28567ca9ef</subfield>
    <subfield code="s">51142</subfield>
    <subfield code="u">https://digitallibrary.un.org/record/180825/files/E_CN.6_1995_12-ES.pdf</subfield>
  </datafield>
  <datafield tag="856" ind1="4" ind2=" ">
    <subfield code="y">Français</subfield>
    <subfield code="9">bb527c18-b985-423e-942e-36a891c07b66</subfield>
    <subfield code="s">52498</subfield>
    <subfield code="u">https://digitallibrary.un.org/record/180825/files/E_CN.6_1995_12-FR.pdf</subfield>
  </datafield>
  <datafield tag="856" ind1="4" ind2=" ">
    <subfield code="y">Русский</subfield>
    <subfield code="9">cf179412-a9d2-477e-be0c-9f934223b1ef</subfield>
    <subfield code="s">97141</subfield>
    <subfield code="u">https://digitallibrary.un.org/record/180825/files/E_CN.6_1995_12-RU.pdf</subfield>
  </datafield>
  <datafield tag="856" ind1="4" ind2=" ">
    <subfield code="y">中文</subfield>
    <subfield code="9">e20a7891-b1f5-4a47-8481-150bae0215fd</subfield>
    <subfield code="s">932096</subfield>
    <subfield code="u">https://digitallibrary.un.org/record/180825/files/E_CN.6_1995_12-ZH.pdf</subfield>
  </datafield>
  <datafield tag="930" ind1=" " ind2=" ">
    <subfield code="a">UNDOCT95</subfield>
  </datafield>
  <datafield tag="930" ind1=" " ind2=" ">
    <subfield code="a">HURXXX95</subfield>
  </datafield>
  <datafield tag="930" ind1=" " ind2=" ">
    <subfield code="a">CHCJUN95</subfield>
  </datafield>
  <datafield tag="949" ind1=" " ind2=" ">
    <subfield code="9">E/CN.6/1995/12</subfield>
    <subfield code="b">mq401240</subfield>
    <subfield code="i">401240</subfield>
    <subfield code="k">unes</subfield>
    <subfield code="l">DHL</subfield>
    <subfield code="z">i</subfield>
    <subfield code="m">vcirc</subfield>
    <subfield code="d">19961230000000</subfield>
  </datafield>
  <datafield tag="955" ind1=" " ind2=" ">
    <subfield code="a">12448700</subfield>
  </datafield>
  <datafield tag="980" ind1=" " ind2=" ">
    <subfield code="a">BIB</subfield>
  </datafield>
  <datafield tag="981" ind1=" " ind2=" ">
    <subfield code="a">Economic and Social Council</subfield>
  </datafield>
  <datafield tag="989" ind1=" " ind2=" ">
    <subfield code="a">Documents and Publications</subfield>
    <subfield code="b">Reports</subfield>
    <subfield code="c">Secretary-General's Reports</subfield>
  </datafield>
  <datafield tag="991" ind1=" " ind2=" ">
    <subfield code="a">E/CN.6/1995/1</subfield>
    <subfield code="b">6</subfield>
    <subfield code="c">Priority themes.</subfield>
    <subfield code="0">(DHLAUTH)434984</subfield>
  </datafield>
  <datafield tag="991" ind1=" " ind2=" ">
    <subfield code="a">E/CN.6/1995/1</subfield>
    <subfield code="b">6c</subfield>
    <subfield code="c">Peace : women in international decision-making.</subfield>
    <subfield code="0">(DHLAUTH)434986</subfield>
  </datafield>
  <datafield tag="998" ind1=" " ind2=" ">
    <subfield code="a">19961227000000</subfield>
    <subfield code="c">20210712081800</subfield>
    <subfield code="d">sh35cat</subfield>
    <subfield code="x">0x00010000c3cadfca</subfield>
    <subfield code="z">20210712122310</subfield>
  </datafield>
  <datafield tag="999" ind1=" " ind2=" ">
    <subfield code="a">vvu20230412</subfield>
    <subfield code="b">20230412</subfield>
    <subfield code="c">u</subfield>
  </datafield>
</record>