
<record>
  <controlfield tag="000">02397cam a2200541#a 4500</controlfield>
  <controlfield tag="001">482580</controlfield>
  <controlfield tag="005">20230411122649.0</controlfield>
  <controlfield tag="008">030103c2003    usa     r     00010 eng d</controlfield>
  <datafield tag="029" ind1=" " ind2=" ">
    <subfield code="a">JN</subfield>
    <subfield code="b">N0275564 E</subfield>
  </datafield>
  <datafield tag="035" ind1=" " ind2=" ">
    <subfield code="a">D696663X</subfield>
    <subfield code="z">D0285569</subfield>
  </datafield>
  <datafield tag="035" ind1=" " ind2=" ">
    <subfield code="a">(DHL)696663</subfield>
  </datafield>
  <datafield tag="039" ind1=" " ind2=" ">
    <subfield code="a">DHU</subfield>
  </datafield>
  <datafield tag="040" ind1=" " ind2=" ">
    <subfield code="a">NNUN</subfield>
    <subfield code="b">eng</subfield>
  </datafield>
  <datafield tag="041" ind1="0" ind2=" ">
    <subfield code="a">arachiengfrerusspa</subfield>
  </datafield>
  <datafield tag="049" ind1=" " ind2=" ">
    <subfield code="a">USA</subfield>
  </datafield>
  <datafield tag="089" ind1=" " ind2=" ">
    <subfield code="b">B18</subfield>
  </datafield>
  <datafield tag="089" ind1=" " ind2=" ">
    <subfield code="b">A16</subfield>
  </datafield>
  <datafield tag="091" ind1=" " ind2=" ">
    <subfield code="a">GEN</subfield>
  </datafield>
  <datafield tag="099" ind1=" " ind2=" ">
    <subfield code="a">UNH</subfield>
    <subfield code="b">DHU</subfield>
  </datafield>
  <datafield tag="191" ind1=" " ind2=" ">
    <subfield code="a">A/57/685</subfield>
    <subfield code="b">A/</subfield>
    <subfield code="c">57</subfield>
    <subfield code="9">G01</subfield>
    <subfield code="f">4.0178</subfield>
    <subfield code="q">A57685</subfield>
    <subfield code="r">A57</subfield>
    <subfield code="0">(DHLAUTH)618532</subfield>
  </datafield>
  <datafield tag="191" ind1=" " ind2=" ">
    <subfield code="a">S/2002/1408</subfield>
    <subfield code="b">S/</subfield>
    <subfield code="c">57</subfield>
    <subfield code="9">X01</subfield>
    <subfield code="f">4.2735</subfield>
    <subfield code="q">S20021408</subfield>
    <subfield code="r">S57</subfield>
    <subfield code="0">(DHLAUTH)616204</subfield>
  </datafield>
  <datafield tag="245" ind1="1" ind2="0">
    <subfield code="a">Letter dated 9 December 2002 from the Permanent Representative of Chile and Denmark to the United Nations addressed to the Secretary-General</subfield>
  </datafield>
  <datafield tag="249" ind1=" " ind2=" ">
    <subfield code="a">Letter, 9 Dec. 2002, from Chile and Denmark</subfield>
  </datafield>
  <datafield tag="260" ind1=" " ind2=" ">
    <subfield code="a">[New York] :</subfield>
    <subfield code="b">UN,</subfield>
    <subfield code="c">23 Dec. 2002</subfield>
  </datafield>
  <datafield tag="269" ind1=" " ind2=" ">
    <subfield code="a">2002-12-23</subfield>
  </datafield>
  <datafield tag="300" ind1=" " ind2=" ">
    <subfield code="a">3 p.</subfield>
  </datafield>
  <datafield tag="520" ind1=" " ind2=" ">
    <subfield code="a">Transmits, representing participants from the European Union, report of the Conference on the Role of Women in Peacekeeping Operations, held in Santiago, 4-5 Nov. 2002.</subfield>
  </datafield>
  <datafield tag="611" ind1="2" ind2="7">
    <subfield code="a">Conference on the Role of Women in Peacekeeping Operations (2002 : Santiago)</subfield>
    <subfield code="2">unbisn</subfield>
    <subfield code="0">(DHLAUTH)635429</subfield>
  </datafield>
  <datafield tag="650" ind1="1" ind2="7">
    <subfield code="a">PEACEKEEPING OPERATIONS</subfield>
    <subfield code="2">unbist</subfield>
    <subfield code="0">(DHLAUTH)474428</subfield>
  </datafield>
  <datafield tag="650" ind1="1" ind2="7">
    <subfield code="a">WOMEN</subfield>
    <subfield code="2">unbist</subfield>
    <subfield code="0">(DHLAUTH)273032</subfield>
  </datafield>
  <datafield tag="650" ind1="1" ind2="7">
    <subfield code="a">GENDER EQUALITY</subfield>
    <subfield code="2">unbist</subfield>
    <subfield code="0">(DHLAUTH)441178</subfield>
  </datafield>
  <datafield tag="650" ind1="1" ind2="7">
    <subfield code="a">GENDER MAINSTREAMING</subfield>
    <subfield code="2">unbist</subfield>
    <subfield code="0">(DHLAUTH)493524</subfield>
  </datafield>
  <datafield tag="650" ind1="2" ind2="7">
    <subfield code="a">CONFERENCES</subfield>
    <subfield code="2">unbist</subfield>
    <subfield code="0">(DHLAUTH)275758</subfield>
  </datafield>
  <datafield tag="650" ind1="2" ind2="7">
    <subfield code="a">WOMEN IN ARMED CONFLICTS</subfield>
    <subfield code="2">unbist</subfield>
    <subfield code="0">(DHLAUTH)652111</subfield>
  </datafield>
  <datafield tag="650" ind1="2" ind2="7">
    <subfield code="a">FIELD STAFF</subfield>
    <subfield code="2">unbist</subfield>
    <subfield code="0">(DHLAUTH)268633</subfield>
  </datafield>
  <datafield tag="710" ind1="2" ind2=" ">
    <subfield code="a">Chile</subfield>
    <subfield code="0">(DHLAUTH)72077</subfield>
  </datafield>
  <datafield tag="710" ind1="2" ind2=" ">
    <subfield code="a">Denmark</subfield>
    <subfield code="0">(DHLAUTH)72159</subfield>
  </datafield>
  <datafield tag="711" ind1="2" ind2=" ">
    <subfield code="a">Conference on the Role of Women in Peacekeeping Operations (2002 : Santiago)</subfield>
    <subfield code="0">(DHLAUTH)635429</subfield>
  </datafield>
  <datafield tag="740" ind1="0" ind2=" ">
    <subfield code="a">Report of the conference on the role of women in peacekeeping operations : Santiago, Chile, 4 and 5 November 2002</subfield>
  </datafield>
  <datafield tag="856" ind1="4" ind2=" ">
    <subfield code="y">العربية</subfield>
    <subfield code="9">074dc56a-0ddb-4410-b1c2-17049f9284df</subfield>
    <subfield code="s">75117</subfield>
    <subfield code="u">https://digitallibrary.un.org/record/482580/files/A_57_685--S_2002_1408-AR.pdf</subfield>
  </datafield>
  <datafield tag="856" ind1="4" ind2=" ">
    <subfield code="y">中文</subfield>
    <subfield code="9">7a00b01b-ed79-455f-91c4-a9985f8d8315</subfield>
    <subfield code="s">211540</subfield>
    <subfield code="u">https://digitallibrary.un.org/record/482580/files/A_57_685--S_2002_1408-ZH.pdf</subfield>
  </datafield>
  <datafield tag="856" ind1="4" ind2=" ">
    <subfield code="y">English</subfield>
    <subfield code="9">1fa2220a-c8c1-4048-9ea3-552c51a46799</subfield>
    <subfield code="s">27320</subfield>
    <subfield code="u">https://digitallibrary.un.org/record/482580/files/A_57_685--S_2002_1408-EN.pdf</subfield>
  </datafield>
  <datafield tag="856" ind1="4" ind2=" ">
    <subfield code="y">Français</subfield>
    <subfield code="9">ff97bba7-0f3a-4020-886c-7a2ffce25169</subfield>
    <subfield code="s">100958</subfield>
    <subfield code="u">https://digitallibrary.un.org/record/482580/files/A_57_685--S_2002_1408-FR.pdf</subfield>
  </datafield>
  <datafield tag="856" ind1="4" ind2=" ">
    <subfield code="y">Русский</subfield>
    <subfield code="9">dcf743d3-5bcd-440a-9306-8ef745893106</subfield>
    <subfield code="s">137368</subfield>
    <subfield code="u">https://digitallibrary.un.org/record/482580/files/A_57_685--S_2002_1408-RU.pdf</subfield>
  </datafield>
  <datafield tag="856" ind1="4" ind2=" ">
    <subfield code="y">Español</subfield>
    <subfield code="9">42e2e019-8990-49ae-90ff-acfe5e9bc974</subfield>
    <subfield code="s">101864</subfield>
    <subfield code="u">https://digitallibrary.un.org/record/482580/files/A_57_685--S_2002_1408-ES.pdf</subfield>
  </datafield>
  <datafield tag="930" ind1=" " ind2=" ">
    <subfield code="a">UNDJA03</subfield>
  </datafield>
  <datafield tag="930" ind1=" " ind2=" ">
    <subfield code="a">UDIQ402</subfield>
    <subfield code="b">4.0178</subfield>
  </datafield>
  <datafield tag="949" ind1=" " ind2=" ">
    <subfield code="9">S/2002/1408</subfield>
    <subfield code="b">1100456.2.1</subfield>
    <subfield code="i">1100456</subfield>
    <subfield code="k">unss</subfield>
    <subfield code="c">c. 1</subfield>
    <subfield code="l">DHL</subfield>
    <subfield code="z">t</subfield>
    <subfield code="m">14day</subfield>
    <subfield code="d">20030103000000</subfield>
  </datafield>
  <datafield tag="949" ind1=" " ind2=" ">
    <subfield code="9">A/57/685</subfield>
    <subfield code="b">1100451.3.1</subfield>
    <subfield code="i">1100451</subfield>
    <subfield code="k">unrs</subfield>
    <subfield code="c">c. 1</subfield>
    <subfield code="l">DHL</subfield>
    <subfield code="z">t</subfield>
    <subfield code="m">14day</subfield>
    <subfield code="d">20030103000000</subfield>
  </datafield>
  <datafield tag="949" ind1=" " ind2=" ">
    <subfield code="9">A/57/685</subfield>
    <subfield code="b">1100453.5.1</subfield>
    <subfield code="i">1100453</subfield>
    <subfield code="k">uncs</subfield>
    <subfield code="c">c. 1</subfield>
    <subfield code="l">DHL</subfield>
    <subfield code="z">t</subfield>
    <subfield code="m">14day</subfield>
    <subfield code="d">20030103000000</subfield>
  </datafield>
  <datafield tag="949" ind1=" " ind2=" ">
    <subfield code="9">A/57/685</subfield>
    <subfield code="b">1100452.4.1</subfield>
    <subfield code="i">1100452</subfield>
    <subfield code="k">unas</subfield>
    <subfield code="c">c. 1</subfield>
    <subfield code="l">DHL</subfield>
    <subfield code="z">t</subfield>
    <subfield code="m">14day</subfield>
    <subfield code="d">20030103000000</subfield>
  </datafield>
  <datafield tag="949" ind1=" " ind2=" ">
    <subfield code="9">S/2002/1408</subfield>
    <subfield code="b">1100458.4.1</subfield>
    <subfield code="i">1100458</subfield>
    <subfield code="k">unas</subfield>
    <subfield code="c">c. 1</subfield>
    <subfield code="l">DHL</subfield>
    <subfield code="z">t</subfield>
    <subfield code="m">14day</subfield>
    <subfield code="d">20030103000000</subfield>
  </datafield>
  <datafield tag="949" ind1=" " ind2=" ">
    <subfield code="9">A/57/685</subfield>
    <subfield code="b">1100450.2.1</subfield>
    <subfield code="i">1100450</subfield>
    <subfield code="k">unss</subfield>
    <subfield code="c">c. 1</subfield>
    <subfield code="l">DHL</subfield>
    <subfield code="z">t</subfield>
    <subfield code="m">14day</subfield>
    <subfield code="d">20030103000000</subfield>
  </datafield>
  <datafield tag="949" ind1=" " ind2=" ">
    <subfield code="9">S/2002/1408</subfield>
    <subfield code="b">1100455.1.1</subfield>
    <subfield code="i">1100455</subfield>
    <subfield code="k">unfs</subfield>
    <subfield code="c">c. 1</subfield>
    <subfield code="l">DHL</subfield>
    <subfield code="z">t</subfield>
    <subfield code="m">14day</subfield>
    <subfield code="d">20030103000000</subfield>
  </datafield>
  <datafield tag="949" ind1=" " ind2=" ">
    <subfield code="9">S/2002/1408</subfield>
    <subfield code="b">1100457.3.1</subfield>
    <subfield code="i">1100457</subfield>
    <subfield code="k">unrs</subfield>
    <subfield code="c">c. 1</subfield>
    <subfield code="l">DHL</subfield>
    <subfield code="z">t</subfield>
    <subfield code="m">14day</subfield>
    <subfield code="d">20030103000000</subfield>
  </datafield>
  <datafield tag="949" ind1=" " ind2=" ">
    <subfield code="9">A/57/685</subfield>
    <subfield code="b">6966631</subfield>
    <subfield code="i">1100448</subfield>
    <subfield code="k">unes</subfield>
    <subfield code="c">c. 1</subfield>
    <subfield code="l">DHL</subfield>
    <subfield code="z">t</subfield>
    <subfield code="m">14day</subfield>
    <subfield code="d">20030103000000</subfield>
  </datafield>
  <datafield tag="949" ind1=" " ind2=" ">
    <subfield code="9">S/2002/1408</subfield>
    <subfield code="b">1100459.5.1</subfield>
    <subfield code="i">1100459</subfield>
    <subfield code="k">uncs</subfield>
    <subfield code="c">c. 1</subfield>
    <subfield code="l">DHL</subfield>
    <subfield code="z">t</subfield>
    <subfield code="m">14day</subfield>
    <subfield code="d">20030103000000</subfield>
  </datafield>
  <datafield tag="949" ind1=" " ind2=" ">
    <subfield code="9">S/2002/1408</subfield>
    <subfield code="b">1100454.6.1</subfield>
    <subfield code="i">1100454</subfield>
    <subfield code="k">unes</subfield>
    <subfield code="c">c. 1</subfield>
    <subfield code="l">DHL</subfield>
    <subfield code="z">t</subfield>
    <subfield code="m">14day</subfield>
    <subfield code="d">20030103000000</subfield>
  </datafield>
  <datafield tag="949" ind1=" " ind2=" ">
    <subfield code="9">A/57/685</subfield>
    <subfield code="b">1100449.1.1</subfield>
    <subfield code="i">1100449</subfield>
    <subfield code="k">unfs</subfield>
    <subfield code="c">c. 1</subfield>
    <subfield code="l">DHL</subfield>
    <subfield code="z">t</subfield>
    <subfield code="m">14day</subfield>
    <subfield code="d">20030103000000</subfield>
  </datafield>
  <datafield tag="980" ind1=" " ind2=" ">
    <subfield code="a">BIB</subfield>
  </datafield>
  <datafield tag="981" ind1=" " ind2=" ">
    <subfield code="a">General Assembly</subfield>
    <subfield code="b">General Assembly Plenary</subfield>
  </datafield>
  <datafield tag="981" ind1=" " ind2=" ">
    <subfield code="a">Security Council</subfield>
  </datafield>
  <datafield tag="989" ind1=" " ind2=" ">
    <subfield code="a">Documents and Publications</subfield>
    <subfield code="b">Letters and Notes Verbales</subfield>
  </datafield>
  <datafield tag="991" ind1="1" ind2=" ">
    <subfield code="a">A/57/251</subfield>
    <subfield code="b">102</subfield>
    <subfield code="c">Advancement of women.</subfield>
    <subfield code="d">WOMEN'S ADVANCEMENT</subfield>
    <subfield code="z">I0176806</subfield>
    <subfield code="0">(DHLAUTH)619727</subfield>
  </datafield>
  <datafield tag="991" ind1="1" ind2=" ">
    <subfield code="a">A/57/251</subfield>
    <subfield code="b">103</subfield>
    <subfield code="c">Implementation of the outcome of the 4th World Conference on Women and the 23rd special session of the General Assembly, entitled "Women 2000 : gender equality, development and peace for the 21st century".</subfield>
    <subfield code="d">WOMEN'S ADVANCEMENT--CONFERENCES (4TH : 1995 : BEIJING)</subfield>
    <subfield code="z">I0176806</subfield>
    <subfield code="0">(DHLAUTH)619728</subfield>
  </datafield>
  <datafield tag="991" ind1="3" ind2=" ">
    <subfield code="a">S/57</subfield>
    <subfield code="b">[18]</subfield>
    <subfield code="d">PEACEKEEPING OPERATIONS</subfield>
    <subfield code="z">I0176807</subfield>
    <subfield code="0">(DHLAUTH)615991</subfield>
  </datafield>
  <datafield tag="991" ind1="3" ind2=" ">
    <subfield code="a">S/57</subfield>
    <subfield code="b">[201]</subfield>
    <subfield code="d">WOMEN IN ARMED CONFLICTS</subfield>
    <subfield code="z">I0176807</subfield>
    <subfield code="0">(DHLAUTH)616162</subfield>
  </datafield>
  <datafield tag="992" ind1=" " ind2=" ">
    <subfield code="a">2002-12-09</subfield>
  </datafield>
  <datafield tag="998" ind1=" " ind2=" ">
    <subfield code="a">20030103000000</subfield>
    <subfield code="b">nmcs</subfield>
    <subfield code="c">20230216002200</subfield>
    <subfield code="d">vwcat2</subfield>
    <subfield code="x">0x00010000cc39d8ef</subfield>
    <subfield code="z">20230216052528</subfield>
  </datafield>
  <datafield tag="999" ind1=" " ind2=" ">
    <subfield code="a">rpu20220506</subfield>
    <subfield code="b">20220506</subfield>
    <subfield code="c">u</subfield>
  </datafield>
  <datafield tag="999" ind1=" " ind2=" ">
    <subfield code="a">pgt20030106</subfield>
    <subfield code="b">20030106</subfield>
    <subfield code="c">t</subfield>
  </datafield>
  <datafield tag="999" ind1=" " ind2=" ">
    <subfield code="a">acr20030103</subfield>
    <subfield code="b">20030103</subfield>
    <subfield code="c">r</subfield>
  </datafield>
  <datafield tag="999" ind1=" " ind2=" ">
    <subfield code="a">alac20030103</subfield>
    <subfield code="b">20030103</subfield>
    <subfield code="c">c</subfield>
  </datafield>
  <datafield tag="999" ind1=" " ind2=" ">
    <subfield code="a">nmq20030103</subfield>
    <subfield code="b">20030103</subfield>
    <subfield code="c">q</subfield>
  </datafield>
  <datafield tag="999" ind1=" " ind2=" ">
    <subfield code="a">vvu20230411</subfield>
    <subfield code="b">20230411</subfield>
    <subfield code="c">u</subfield>
  </datafield>
</record>