
<record>
  <controlfield tag="000">01241nam a2200397#a 4500</controlfield>
  <controlfield tag="001">3879191</controlfield>
  <controlfield tag="005">20201118173958.0</controlfield>
  <controlfield tag="008">200903s2020    usa    #r     ||| | eng d</controlfield>
  <datafield tag="035" ind1=" " ind2=" ">
    <subfield code="a">(DHL)1273254</subfield>
  </datafield>
  <datafield tag="039" ind1=" " ind2=" ">
    <subfield code="a">VOT</subfield>
  </datafield>
  <datafield tag="040" ind1=" " ind2=" ">
    <subfield code="a">NNUN</subfield>
  </datafield>
  <datafield tag="089" ind1=" " ind2=" ">
    <subfield code="b">B23</subfield>
  </datafield>
  <datafield tag="245" ind1="1" ind2="0">
    <subfield code="a">Security Council resolution 2538 (2020) [on women in peacekeeping operations]</subfield>
  </datafield>
  <datafield tag="269" ind1=" " ind2=" ">
    <subfield code="a">2020-08-28</subfield>
  </datafield>
  <datafield tag="590" ind1=" " ind2=" ">
    <subfield code="a">Vote</subfield>
  </datafield>
  <datafield tag="591" ind1=" " ind2=" ">
    <subfield code="a">VOTING BY MAIL</subfield>
  </datafield>
  <datafield tag="791" ind1=" " ind2=" ">
    <subfield code="a">S/RES/2538(2020)</subfield>
    <subfield code="b">S/</subfield>
    <subfield code="c">75</subfield>
    <subfield code="q">SRES25382020</subfield>
    <subfield code="q">SRES2538</subfield>
    <subfield code="r">S75</subfield>
    <subfield code="0">(DHLAUTH)897969</subfield>
  </datafield>
  <datafield tag="930" ind1=" " ind2=" ">
    <subfield code="a">VOT</subfield>
  </datafield>
  <datafield tag="952" ind1=" " ind2=" ">
    <subfield code="a">S/2020/851</subfield>
  </datafield>
  <datafield tag="967" ind1=" " ind2=" ">
    <subfield code="a">001</subfield>
    <subfield code="b">R</subfield>
    <subfield code="c">BEL</subfield>
    <subfield code="d">Y</subfield>
    <subfield code="e">BELGIUM</subfield>
  </datafield>
  <datafield tag="967" ind1=" " ind2=" ">
    <subfield code="a">002</subfield>
    <subfield code="b">P</subfield>
    <subfield code="c">CHN</subfield>
    <subfield code="d">Y</subfield>
    <subfield code="e">CHINA</subfield>
  </datafield>
  <datafield tag="967" ind1=" " ind2=" ">
    <subfield code="a">003</subfield>
    <subfield code="b">R</subfield>
    <subfield code="c">DOM</subfield>
    <subfield code="d">Y</subfield>
    <subfield code="e">DOMINICAN REPUBLIC</subfield>
  </datafield>
  <datafield tag="967" ind1=" " ind2=" ">
    <subfield code="a">004</subfield>
    <subfield code="b">R</subfield>
    <subfield code="c">EST</subfield>
    <subfield code="d">Y</subfield>
    <subfield code="e">ESTONIA</subfield>
  </datafield>
  <datafield tag="967" ind1=" " ind2=" ">
    <subfield code="a">005</subfield>
    <subfield code="b">P</subfield>
    <subfield code="c">FRA</subfield>
    <subfield code="d">Y</subfield>
    <subfield code="e">FRANCE</subfield>
  </datafield>
  <datafield tag="967" ind1=" " ind2=" ">
    <subfield code="a">006</subfield>
    <subfield code="b">R</subfield>
    <subfield code="c">DEU</subfield>
    <subfield code="d">Y</subfield>
    <subfield code="e">GERMANY</subfield>
  </datafield>
  <datafield tag="967" ind1=" " ind2=" ">
    <subfield code="a">007</subfield>
    <subfield code="b">R</subfield>
    <subfield code="c">IDN</subfield>
    <subfield code="d">Y</subfield>
    <subfield code="e">INDONESIA</subfield>
  </datafield>
  <datafield tag="967" ind1=" " ind2=" ">
    <subfield code="a">008</subfield>
    <subfield code="b">R</subfield>
    <subfield code="c">NER</subfield>
    <subfield code="d">Y</subfield>
    <subfield code="e">NIGER</subfield>
  </datafield>
  <datafield tag="967" ind1=" " ind2=" ">
    <subfield code="a">009</subfield>
    <subfield code="b">P</subfield>
    <subfield code="c">RUS</subfield>
    <subfield code="d">Y</subfield>
    <subfield code="e">RUSSIAN FEDERATION</subfield>
  </datafield>
  <datafield tag="967" ind1=" " ind2=" ">
    <subfield code="a">010</subfield>
    <subfield code="b">R</subfield>
    <subfield code="c">VCT</subfield>
    <subfield code="d">Y</subfield>
    <subfield code="e">SAINT VINCENT AND THE GRENADINES</subfield>
  </datafield>
  <datafield tag="967" ind1=" " ind2=" ">
    <subfield code="a">011</subfield>
    <subfield code="b">R</subfield>
    <subfield code="c">ZAF</subfield>
    <subfield code="d">Y</subfield>
    <subfield code="e">SOUTH AFRICA</subfield>
  </datafield>
  <datafield tag="967" ind1=" " ind2=" ">
    <subfield code="a">012</subfield>
    <subfield code="b">R</subfield>
    <subfield code="c">TUN</subfield>
    <subfield code="d">Y</subfield>
    <subfield code="e">TUNISIA</subfield>
  </datafield>
  <datafield tag="967" ind1=" " ind2=" ">
    <subfield code="a">013</subfield>
    <subfield code="b">P</subfield>
    <subfield code="c">GBR</subfield>
    <subfield code="d">Y</subfield>
    <subfield code="e">UNITED KINGDOM</subfield>
  </datafield>
  <datafield tag="967" ind1=" " ind2=" ">
    <subfield code="a">014</subfield>
    <subfield code="b">P</subfield>
    <subfield code="c">USA</subfield>
    <subfield code="d">Y</subfield>
    <subfield code="e">UNITED STATES</subfield>
  </datafield>
  <datafield tag="967" ind1=" " ind2=" ">
    <subfield code="a">015</subfield>
    <subfield code="b">R</subfield>
    <subfield code="c">VNM</subfield>
    <subfield code="d">Y</subfield>
    <subfield code="e">VIET NAM</subfield>
  </datafield>
  <datafield tag="980" ind1=" " ind2=" ">
    <subfield code="a">BIB</subfield>
  </datafield>
  <datafield tag="981" ind1=" " ind2=" ">
    <subfield code="a">Security Council</subfield>
  </datafield>
  <datafield tag="989" ind1=" " ind2=" ">
    <subfield code="a">Voting Data</subfield>
  </datafield>
  <datafield tag="991" ind1="3" ind2=" ">
    <subfield code="a">S/75</subfield>
    <subfield code="b">[201]</subfield>
    <subfield code="d">WOMEN IN ARMED CONFLICTS</subfield>
    <subfield code="0">(DHLAUTH)907870</subfield>
  </datafield>
  <datafield tag="991" ind1="3" ind2=" ">
    <subfield code="a">S/75</subfield>
    <subfield code="b">[18]</subfield>
    <subfield code="d">PEACEKEEPING OPERATIONS</subfield>
    <subfield code="0">(DHLAUTH)907857</subfield>
  </datafield>
  <datafield tag="992" ind1=" " ind2=" ">
    <subfield code="a">2020-08-28</subfield>
  </datafield>
  <datafield tag="993" ind1="2" ind2=" ">
    <subfield code="a">S/2020/838</subfield>
  </datafield>
  <datafield tag="996" ind1=" " ind2=" ">
    <subfield code="b">015</subfield>
    <subfield code="c">000</subfield>
    <subfield code="d">000</subfield>
    <subfield code="e">000</subfield>
    <subfield code="f">015</subfield>
  </datafield>
  <datafield tag="998" ind1=" " ind2=" ">
    <subfield code="a">20200903130200</subfield>
    <subfield code="b">vwcat2</subfield>
    <subfield code="c">20201118121900</subfield>
    <subfield code="d">vwcat2</subfield>
    <subfield code="x">0x00010000c1eb772d</subfield>
    <subfield code="z">20201118172513</subfield>
  </datafield>
  <datafield tag="999" ind1=" " ind2=" ">
    <subfield code="a">vwv20200903</subfield>
    <subfield code="b">20200903</subfield>
    <subfield code="c">v</subfield>
  </datafield>
  <datafield tag="999" ind1=" " ind2=" ">
    <subfield code="a">vwu20201118</subfield>
    <subfield code="b">20201118</subfield>
    <subfield code="c">u</subfield>
  </datafield>
</record>