
<record>
  <controlfield tag="000">01558cam\\2200421#a\4500</controlfield>
  <controlfield tag="001">516723</controlfield>
  <controlfield tag="005">20221130121422.0</controlfield>
  <controlfield tag="008">040309s2004\\\\che\\\\\r\\\\\\\\\\\eng\u</controlfield>
  <datafield tag="029" ind1=" " ind2=" ">
    <subfield code="a">JN</subfield>
    <subfield code="b">G0411447 E</subfield>
  </datafield>
  <datafield tag="035" ind1=" " ind2=" ">
    <subfield code="a">D735612X</subfield>
    <subfield code="z">D9563061</subfield>
  </datafield>
  <datafield tag="035" ind1=" " ind2=" ">
    <subfield code="a">(DHL)735612</subfield>
  </datafield>
  <datafield tag="039" ind1=" " ind2=" ">
    <subfield code="a">GUN</subfield>
  </datafield>
  <datafield tag="040" ind1=" " ind2=" ">
    <subfield code="a">SzGeBNU</subfield>
    <subfield code="b">eng</subfield>
  </datafield>
  <datafield tag="041" ind1=" " ind2=" ">
    <subfield code="a">eng</subfield>
  </datafield>
  <datafield tag="049" ind1=" " ind2=" ">
    <subfield code="a">che</subfield>
  </datafield>
  <datafield tag="069" ind1=" " ind2=" ">
    <subfield code="a">HUR</subfield>
    <subfield code="b">0907</subfield>
  </datafield>
  <datafield tag="069" ind1=" " ind2=" ">
    <subfield code="a">HUR</subfield>
    <subfield code="b">0704</subfield>
  </datafield>
  <datafield tag="089" ind1=" " ind2=" ">
    <subfield code="b">B21</subfield>
  </datafield>
  <datafield tag="091" ind1=" " ind2=" ">
    <subfield code="a">GEN</subfield>
  </datafield>
  <datafield tag="099" ind1=" " ind2=" ">
    <subfield code="a">UNG</subfield>
    <subfield code="b">GUN</subfield>
  </datafield>
  <datafield tag="191" ind1=" " ind2=" ">
    <subfield code="a">E/CN.4/2004/NGO/95</subfield>
    <subfield code="b">E/CN.4/</subfield>
    <subfield code="c">60</subfield>
    <subfield code="f">4.1319</subfield>
    <subfield code="q">ECN42004NGO95</subfield>
    <subfield code="r">ECN460</subfield>
    <subfield code="0">(DHLAUTH)644699</subfield>
  </datafield>
  <datafield tag="245" ind1="1" ind2="0">
    <subfield code="a">Integration of the human rights of women and the gender perspective :</subfield>
    <subfield code="b">written statement /</subfield>
    <subfield code="c">submitted by Human Rights Advocates, Inc. (HRA)</subfield>
  </datafield>
  <datafield tag="260" ind1=" " ind2=" ">
    <subfield code="a">Geneva :</subfield>
    <subfield code="b">UN,</subfield>
    <subfield code="c">3 Mar. 2004</subfield>
  </datafield>
  <datafield tag="269" ind1=" " ind2=" ">
    <subfield code="a">2004-03-03</subfield>
  </datafield>
  <datafield tag="300" ind1=" " ind2=" ">
    <subfield code="a">6 p.</subfield>
  </datafield>
  <datafield tag="500" ind1=" " ind2=" ">
    <subfield code="a">Includes bibliographical references.</subfield>
  </datafield>
  <datafield tag="520" ind1=" " ind2=" ">
    <subfield code="a">Addresses the role that armed forces and UN peacekeeping personnel play in creating and perpetuating the demand for the trafficking of women and children, and the need to create economic alternatives for women who are vulnerable to trafficking.</subfield>
  </datafield>
  <datafield tag="546" ind1=" " ind2=" ">
    <subfield code="a">English only.</subfield>
  </datafield>
  <datafield tag="650" ind1="1" ind2="7">
    <subfield code="a">TRAFFICKING IN PERSONS</subfield>
    <subfield code="2">unbist</subfield>
    <subfield code="0">(DHLAUTH)610025</subfield>
  </datafield>
  <datafield tag="650" ind1="1" ind2="7">
    <subfield code="a">WOMEN</subfield>
    <subfield code="2">unbist</subfield>
    <subfield code="0">(DHLAUTH)273032</subfield>
  </datafield>
  <datafield tag="650" ind1="1" ind2="7">
    <subfield code="a">GIRLS</subfield>
    <subfield code="2">unbist</subfield>
    <subfield code="0">(DHLAUTH)272930</subfield>
  </datafield>
  <datafield tag="650" ind1="1" ind2="7">
    <subfield code="a">MILITARY PERSONNEL</subfield>
    <subfield code="2">unbist</subfield>
    <subfield code="0">(DHLAUTH)268838</subfield>
  </datafield>
  <datafield tag="650" ind1="1" ind2="7">
    <subfield code="a">PEACEKEEPING OPERATIONS</subfield>
    <subfield code="2">unbist</subfield>
    <subfield code="0">(DHLAUTH)474428</subfield>
  </datafield>
  <datafield tag="650" ind1="2" ind2="7">
    <subfield code="a">PROSTITUTION</subfield>
    <subfield code="2">unbist</subfield>
    <subfield code="0">(DHLAUTH)273893</subfield>
  </datafield>
  <datafield tag="650" ind1="2" ind2="7">
    <subfield code="a">CHILD PROSTITUTION</subfield>
    <subfield code="2">unbist</subfield>
    <subfield code="0">(DHLAUTH)272965</subfield>
  </datafield>
  <datafield tag="650" ind1="2" ind2="7">
    <subfield code="a">WOMEN IN ARMED CONFLICTS</subfield>
    <subfield code="2">unbist</subfield>
    <subfield code="0">(DHLAUTH)652111</subfield>
  </datafield>
  <datafield tag="710" ind1="2" ind2=" ">
    <subfield code="a">Human Rights Advocates International, Inc.</subfield>
    <subfield code="0">(DHLAUTH)107657</subfield>
  </datafield>
  <datafield tag="856" ind1="4" ind2=" ">
    <subfield code="y">English</subfield>
    <subfield code="9">bb5f777a-156a-4601-a62d-99f82e3437b5</subfield>
    <subfield code="s">32183</subfield>
    <subfield code="u">https://digitallibrary.un.org/record/516723/files/E_CN.4_2004_NGO_95-EN.pdf</subfield>
  </datafield>
  <datafield tag="930" ind1=" " ind2=" ">
    <subfield code="a">UNDMA04</subfield>
  </datafield>
  <datafield tag="930" ind1=" " ind2=" ">
    <subfield code="a">HURXXX04</subfield>
  </datafield>
  <datafield tag="930" ind1=" " ind2=" ">
    <subfield code="a">UDIQ403</subfield>
    <subfield code="b">4.1319</subfield>
  </datafield>
  <datafield tag="949" ind1=" " ind2=" ">
    <subfield code="9">E/CN.4/2004/NGO/95</subfield>
    <subfield code="b">10000007356121</subfield>
    <subfield code="c">c. 1</subfield>
    <subfield code="d">20051120190000</subfield>
    <subfield code="i">1339928</subfield>
    <subfield code="k">unes</subfield>
    <subfield code="l">DHL</subfield>
    <subfield code="m">14day</subfield>
    <subfield code="z">t</subfield>
  </datafield>
  <datafield tag="980" ind1=" " ind2=" ">
    <subfield code="a">BIB</subfield>
  </datafield>
  <datafield tag="981" ind1=" " ind2=" ">
    <subfield code="a">Economic and Social Council</subfield>
  </datafield>
  <datafield tag="981" ind1=" " ind2=" ">
    <subfield code="a">Human Rights Bodies</subfield>
    <subfield code="b">Charter-Based Human Rights Bodies</subfield>
    <subfield code="c">Commission on Human Rights</subfield>
  </datafield>
  <datafield tag="989" ind1=" " ind2=" ">
    <subfield code="a">Documents and Publications</subfield>
    <subfield code="b">NGO Written Statements</subfield>
  </datafield>
  <datafield tag="991" ind1=" " ind2=" ">
    <subfield code="a">E/CN.4/2004/1</subfield>
    <subfield code="b">12</subfield>
    <subfield code="c">Integration of the human rights of women and the gender perspective.</subfield>
    <subfield code="0">(DHLAUTH)651233</subfield>
  </datafield>
  <datafield tag="998" ind1=" " ind2=" ">
    <subfield code="a">20040309135800</subfield>
    <subfield code="b">unogcat</subfield>
    <subfield code="c">20221130102000</subfield>
    <subfield code="d">arcat</subfield>
    <subfield code="x">0x00010000c96fe04e</subfield>
    <subfield code="z">20221130152324</subfield>
  </datafield>
  <datafield tag="999" ind1=" " ind2=" ">
    <subfield code="a">mpc20040309</subfield>
    <subfield code="b">20040309</subfield>
    <subfield code="c">c</subfield>
  </datafield>
  <datafield tag="999" ind1=" " ind2=" ">
    <subfield code="a">jci20051121</subfield>
    <subfield code="b">20051121</subfield>
    <subfield code="c">i</subfield>
  </datafield>
</record>