
<record>
  <controlfield tag="000">05592naa a2201501#a 4500</controlfield>
  <controlfield tag="001">645320</controlfield>
  <controlfield tag="005">20210824142404.0</controlfield>
  <controlfield tag="008">090107s2008    che    #r     ||| | eng d</controlfield>
  <datafield tag="035" ind1=" " ind2=" ">
    <subfield code="a">D882234X</subfield>
    <subfield code="z">D9587804</subfield>
  </datafield>
  <datafield tag="035" ind1=" " ind2=" ">
    <subfield code="a">(DHL)882234</subfield>
  </datafield>
  <datafield tag="039" ind1=" " ind2=" ">
    <subfield code="a">GUN</subfield>
  </datafield>
  <datafield tag="040" ind1=" " ind2=" ">
    <subfield code="a">SzGeBNU</subfield>
    <subfield code="b">eng</subfield>
  </datafield>
  <datafield tag="041" ind1=" " ind2=" ">
    <subfield code="a">eng</subfield>
  </datafield>
  <datafield tag="049" ind1=" " ind2=" ">
    <subfield code="a">che</subfield>
  </datafield>
  <datafield tag="069" ind1=" " ind2=" ">
    <subfield code="a">HUR</subfield>
    <subfield code="b">0907</subfield>
  </datafield>
  <datafield tag="089" ind1=" " ind2=" ">
    <subfield code="b">B01</subfield>
  </datafield>
  <datafield tag="089" ind1=" " ind2=" ">
    <subfield code="b">B10</subfield>
  </datafield>
  <datafield tag="091" ind1=" " ind2=" ">
    <subfield code="a">GEN</subfield>
  </datafield>
  <datafield tag="099" ind1=" " ind2=" ">
    <subfield code="a">UNG</subfield>
    <subfield code="b">GUN</subfield>
  </datafield>
  <datafield tag="191" ind1=" " ind2=" ">
    <subfield code="a">A/HRC/RES/8/12</subfield>
    <subfield code="b">A/HRC/</subfield>
    <subfield code="c">8</subfield>
    <subfield code="q">AHRCRES812</subfield>
    <subfield code="r">AHRC8</subfield>
    <subfield code="0">(DHLAUTH)744676</subfield>
  </datafield>
  <datafield tag="245" ind1="1" ind2="0">
    <subfield code="a">Special Rapporteur on Trafficking in Persons, Especially Women and Children</subfield>
  </datafield>
  <datafield tag="269" ind1=" " ind2=" ">
    <subfield code="a">2008-09-01</subfield>
  </datafield>
  <datafield tag="580" ind1=" " ind2=" ">
    <subfield code="a">In: Report of the Human Rights Council on its 8th session. - A/HRC/8/52. - 1 Sept. 2008. - p. 45-48.</subfield>
  </datafield>
  <datafield tag="610" ind1="2" ind2="7">
    <subfield code="2">unbisn</subfield>
    <subfield code="a">UN. Human Rights Council. Special Rapporteur on Trafficking in Persons, Especially in Women and Children</subfield>
    <subfield code="g">Terms of reference</subfield>
    <subfield code="0">(DHLAUTH)748328</subfield>
  </datafield>
  <datafield tag="610" ind1="2" ind2="7">
    <subfield code="2">unbisn</subfield>
    <subfield code="a">Inter-Agency Coordination Group on Trafficking in Persons</subfield>
    <subfield code="0">(DHLAUTH)716050</subfield>
  </datafield>
  <datafield tag="610" ind1="2" ind2="7">
    <subfield code="a">UN. Office of the High Commissioner for Human Rights</subfield>
    <subfield code="2">unbisn</subfield>
    <subfield code="0">(DHLAUTH)80157</subfield>
  </datafield>
  <datafield tag="630" ind1="0" ind2="7">
    <subfield code="a">UN Convention against Transnational Organized Crime (2000)</subfield>
    <subfield code="2">unbisn</subfield>
    <subfield code="0">(DHLAUTH)467742</subfield>
  </datafield>
  <datafield tag="630" ind1="0" ind2="7">
    <subfield code="a">Protocol to Prevent, Suppress and Punish Trafficking in Persons, Especially Women and Children, supplementing the United Nations Convention against Transnational Organized Crime (2000)</subfield>
    <subfield code="2">unbisn</subfield>
    <subfield code="0">(DHLAUTH)533630</subfield>
  </datafield>
  <datafield tag="630" ind1="0" ind2="7">
    <subfield code="a">Recommended Principles and Guidelines on Human Rights and Human Trafficking</subfield>
    <subfield code="2">unbisn</subfield>
    <subfield code="0">(DHLAUTH)624806</subfield>
  </datafield>
  <datafield tag="650" ind1="1" ind2="7">
    <subfield code="a">TRAFFICKING IN PERSONS</subfield>
    <subfield code="2">unbist</subfield>
    <subfield code="0">(DHLAUTH)610025</subfield>
  </datafield>
  <datafield tag="650" ind1="1" ind2="7">
    <subfield code="a">WOMEN</subfield>
    <subfield code="2">unbist</subfield>
    <subfield code="0">(DHLAUTH)273032</subfield>
  </datafield>
  <datafield tag="650" ind1="1" ind2="7">
    <subfield code="a">SALE OF CHILDREN</subfield>
    <subfield code="2">unbist</subfield>
    <subfield code="0">(DHLAUTH)274495</subfield>
  </datafield>
  <datafield tag="650" ind1="1" ind2="7">
    <subfield code="a">SPECIAL RAPPORTEURS</subfield>
    <subfield code="2">unbist</subfield>
    <subfield code="0">(DHLAUTH)276057</subfield>
  </datafield>
  <datafield tag="650" ind1="2" ind2="7">
    <subfield code="a">DEVELOPING COUNTRIES</subfield>
    <subfield code="2">unbist</subfield>
    <subfield code="0">(DHLAUTH)268442</subfield>
  </datafield>
  <datafield tag="650" ind1="2" ind2="7">
    <subfield code="a">ECONOMIES IN TRANSITION</subfield>
    <subfield code="2">unbist</subfield>
    <subfield code="0">(DHLAUTH)269666</subfield>
  </datafield>
  <datafield tag="650" ind1="2" ind2="7">
    <subfield code="a">TRANSNATIONAL CRIME</subfield>
    <subfield code="2">unbist</subfield>
    <subfield code="0">(DHLAUTH)441042</subfield>
  </datafield>
  <datafield tag="650" ind1="2" ind2="7">
    <subfield code="a">ORGANIZED CRIME</subfield>
    <subfield code="2">unbist</subfield>
    <subfield code="0">(DHLAUTH)274547</subfield>
  </datafield>
  <datafield tag="650" ind1="2" ind2="7">
    <subfield code="a">INFORMATION TECHNOLOGY</subfield>
    <subfield code="2">unbist</subfield>
    <subfield code="0">(DHLAUTH)272714</subfield>
  </datafield>
  <datafield tag="650" ind1="2" ind2="7">
    <subfield code="a">INTERNET</subfield>
    <subfield code="2">unbist</subfield>
    <subfield code="0">(DHLAUTH)438931</subfield>
  </datafield>
  <datafield tag="650" ind1="2" ind2="7">
    <subfield code="a">PROSTITUTION</subfield>
    <subfield code="2">unbist</subfield>
    <subfield code="0">(DHLAUTH)273893</subfield>
  </datafield>
  <datafield tag="650" ind1="2" ind2="7">
    <subfield code="a">CHILD PORNOGRAPHY</subfield>
    <subfield code="2">unbist</subfield>
    <subfield code="0">(DHLAUTH)274494</subfield>
  </datafield>
  <datafield tag="650" ind1="2" ind2="7">
    <subfield code="a">CHILD PROSTITUTION</subfield>
    <subfield code="2">unbist</subfield>
    <subfield code="0">(DHLAUTH)272965</subfield>
  </datafield>
  <datafield tag="650" ind1="2" ind2="7">
    <subfield code="a">FORCED MARRIAGE</subfield>
    <subfield code="2">unbist</subfield>
    <subfield code="0">(DHLAUTH)550306</subfield>
  </datafield>
  <datafield tag="650" ind1="2" ind2="7">
    <subfield code="a">SEX TOURISM</subfield>
    <subfield code="2">unbist</subfield>
    <subfield code="0">(DHLAUTH)276613</subfield>
  </datafield>
  <datafield tag="650" ind1="2" ind2="7">
    <subfield code="a">IMPUNITY</subfield>
    <subfield code="2">unbist</subfield>
    <subfield code="0">(DHLAUTH)269413</subfield>
  </datafield>
  <datafield tag="650" ind1="2" ind2="7">
    <subfield code="a">FORCED LABOUR</subfield>
    <subfield code="2">unbist</subfield>
    <subfield code="0">(DHLAUTH)274456</subfield>
  </datafield>
  <datafield tag="650" ind1="2" ind2="7">
    <subfield code="a">SLAVERY</subfield>
    <subfield code="2">unbist</subfield>
    <subfield code="0">(DHLAUTH)274463</subfield>
  </datafield>
  <datafield tag="650" ind1="2" ind2="7">
    <subfield code="a">ORGAN TRANSPLANTATION</subfield>
    <subfield code="2">unbist</subfield>
    <subfield code="0">(DHLAUTH)273956</subfield>
  </datafield>
  <datafield tag="650" ind1="2" ind2="7">
    <subfield code="a">LAWS AND REGULATIONS</subfield>
    <subfield code="2">unbist</subfield>
    <subfield code="0">(DHLAUTH)268352</subfield>
  </datafield>
  <datafield tag="650" ind1="2" ind2="7">
    <subfield code="a">CRIMINAL LAW</subfield>
    <subfield code="2">unbist</subfield>
    <subfield code="0">(DHLAUTH)269127</subfield>
  </datafield>
  <datafield tag="650" ind1="2" ind2="7">
    <subfield code="a">LAW ENFORCEMENT</subfield>
    <subfield code="2">unbist</subfield>
    <subfield code="0">(DHLAUTH)274592</subfield>
  </datafield>
  <datafield tag="650" ind1="2" ind2="7">
    <subfield code="a">CRIME VICTIMS</subfield>
    <subfield code="2">unbist</subfield>
    <subfield code="0">(DHLAUTH)268385</subfield>
  </datafield>
  <datafield tag="650" ind1="2" ind2="7">
    <subfield code="a">REHABILITATION</subfield>
    <subfield code="2">unbist</subfield>
    <subfield code="0">(DHLAUTH)273690</subfield>
  </datafield>
  <datafield tag="650" ind1="2" ind2="7">
    <subfield code="a">SEX CRIMES</subfield>
    <subfield code="2">unbist</subfield>
    <subfield code="0">(DHLAUTH)273132</subfield>
  </datafield>
  <datafield tag="650" ind1="2" ind2="7">
    <subfield code="a">CRIME PREVENTION</subfield>
    <subfield code="2">unbist</subfield>
    <subfield code="0">(DHLAUTH)274588</subfield>
  </datafield>
  <datafield tag="650" ind1="2" ind2="7">
    <subfield code="a">INTERNATIONAL COOPERATION</subfield>
    <subfield code="2">unbist</subfield>
    <subfield code="0">(DHLAUTH)268622</subfield>
  </datafield>
  <datafield tag="650" ind1="2" ind2="7">
    <subfield code="a">TRAINING PROGRAMMES</subfield>
    <subfield code="2">unbist</subfield>
    <subfield code="0">(DHLAUTH)274026</subfield>
  </datafield>
  <datafield tag="650" ind1="2" ind2="7">
    <subfield code="a">LAW ENFORCEMENT OFFICIALS</subfield>
    <subfield code="2">unbist</subfield>
    <subfield code="0">(DHLAUTH)269338</subfield>
  </datafield>
  <datafield tag="650" ind1="2" ind2="7">
    <subfield code="a">IMMIGRATION OFFICERS</subfield>
    <subfield code="2">unbist</subfield>
    <subfield code="0">(DHLAUTH)468212</subfield>
  </datafield>
  <datafield tag="650" ind1="2" ind2="7">
    <subfield code="a">CRIMINAL JUSTICE</subfield>
    <subfield code="2">unbist</subfield>
    <subfield code="0">(DHLAUTH)269126</subfield>
  </datafield>
  <datafield tag="650" ind1="2" ind2="7">
    <subfield code="a">PEACEKEEPING OPERATIONS</subfield>
    <subfield code="2">unbist</subfield>
    <subfield code="0">(DHLAUTH)474428</subfield>
  </datafield>
  <datafield tag="650" ind1="2" ind2="7">
    <subfield code="a">PUBLIC INFORMATION</subfield>
    <subfield code="2">unbist</subfield>
    <subfield code="0">(DHLAUTH)268517</subfield>
  </datafield>
  <datafield tag="650" ind1="2" ind2="7">
    <subfield code="a">INFORMATION EXCHANGE</subfield>
    <subfield code="2">unbist</subfield>
    <subfield code="0">(DHLAUTH)275144</subfield>
  </datafield>
  <datafield tag="650" ind1="2" ind2="7">
    <subfield code="a">DATA COLLECTION</subfield>
    <subfield code="2">unbist</subfield>
    <subfield code="0">(DHLAUTH)270174</subfield>
  </datafield>
  <datafield tag="650" ind1="2" ind2="7">
    <subfield code="a">TREATIES</subfield>
    <subfield code="2">unbist</subfield>
    <subfield code="0">(DHLAUTH)9632</subfield>
  </datafield>
  <datafield tag="650" ind1="2" ind2="7">
    <subfield code="a">SIGNATURES, ACCESSIONS, RATIFICATIONS</subfield>
    <subfield code="2">unbist</subfield>
    <subfield code="0">(DHLAUTH)275982</subfield>
  </datafield>
  <datafield tag="650" ind1="2" ind2="7">
    <subfield code="a">COORDINATION WITHIN UN SYSTEM</subfield>
    <subfield code="2">unbist</subfield>
    <subfield code="0">(DHLAUTH)268575</subfield>
  </datafield>
  <datafield tag="650" ind1="2" ind2="7">
    <subfield code="a">REPORT PREPARATION</subfield>
    <subfield code="2">unbist</subfield>
    <subfield code="0">(DHLAUTH)275139</subfield>
  </datafield>
  <datafield tag="650" ind1="2" ind2="7">
    <subfield code="a">PRINCIPLES</subfield>
    <subfield code="2">unbist</subfield>
    <subfield code="0">(DHLAUTH)275776</subfield>
  </datafield>
  <datafield tag="650" ind1="2" ind2="7">
    <subfield code="a">GUIDELINES</subfield>
    <subfield code="2">unbist</subfield>
    <subfield code="0">(DHLAUTH)275775</subfield>
  </datafield>
  <datafield tag="710" ind1="2" ind2=" ">
    <subfield code="a">UN. Human Rights Council (8th sess. : 2008 : Geneva)</subfield>
    <subfield code="0">(DHLAUTH)747104</subfield>
  </datafield>
  <datafield tag="930" ind1=" " ind2=" ">
    <subfield code="a">UNDJA09</subfield>
  </datafield>
  <datafield tag="930" ind1=" " ind2=" ">
    <subfield code="a">HURXXX09</subfield>
  </datafield>
  <datafield tag="949" ind1=" " ind2=" ">
    <subfield code="9">A/HRC/RES/8/12</subfield>
    <subfield code="b">1000000882234g</subfield>
    <subfield code="i">1606858</subfield>
    <subfield code="k">gun</subfield>
    <subfield code="l">UNOG</subfield>
    <subfield code="z">t</subfield>
    <subfield code="m">unog</subfield>
    <subfield code="d">20090109000000</subfield>
  </datafield>
  <datafield tag="980" ind1=" " ind2=" ">
    <subfield code="a">BIB</subfield>
  </datafield>
  <datafield tag="981" ind1=" " ind2=" ">
    <subfield code="a">General Assembly</subfield>
    <subfield code="b">Human Rights Council</subfield>
  </datafield>
  <datafield tag="981" ind1=" " ind2=" ">
    <subfield code="a">Human Rights Bodies</subfield>
    <subfield code="b">Charter-Based Human Rights Bodies</subfield>
    <subfield code="c">Human Rights Council</subfield>
  </datafield>
  <datafield tag="989" ind1=" " ind2=" ">
    <subfield code="a">Documents and Publications</subfield>
    <subfield code="b">Resolutions and Decisions</subfield>
    <subfield code="c">Resolutions</subfield>
  </datafield>
  <datafield tag="992" ind1=" " ind2=" ">
    <subfield code="a">2008-06-18</subfield>
  </datafield>
  <datafield tag="993" ind1="2" ind2=" ">
    <subfield code="a">A/HRC/8/L.17</subfield>
  </datafield>
  <datafield tag="993" ind1=" " ind2=" ">
    <subfield code="a">A/HRC/8/52</subfield>
  </datafield>
  <datafield tag="996" ind1=" " ind2=" ">
    <subfield code="a">Adopted without vote, 28th meeting</subfield>
  </datafield>
  <datafield tag="998" ind1=" " ind2=" ">
    <subfield code="a">20090107141400</subfield>
    <subfield code="b">jccat2</subfield>
    <subfield code="c">20210824141200</subfield>
    <subfield code="d">mocat</subfield>
    <subfield code="x">0x00010000c4185d16</subfield>
    <subfield code="z">20210824181839</subfield>
  </datafield>
  <datafield tag="999" ind1=" " ind2=" ">
    <subfield code="a">jcc20090107</subfield>
    <subfield code="b">20090107</subfield>
    <subfield code="c">c</subfield>
  </datafield>
  <datafield tag="999" ind1=" " ind2=" ">
    <subfield code="a">jcu20090109</subfield>
    <subfield code="b">20090109</subfield>
    <subfield code="c">u</subfield>
  </datafield>
  <datafield tag="999" ind1=" " ind2=" ">
    <subfield code="a">jcu20090112</subfield>
    <subfield code="b">20090112</subfield>
    <subfield code="c">u</subfield>
  </datafield>
  <datafield tag="999" ind1=" " ind2=" ">
    <subfield code="a">mpu20090113</subfield>
    <subfield code="b">20090113</subfield>
    <subfield code="c">u</subfield>
  </datafield>
  <datafield tag="999" ind1=" " ind2=" ">
    <subfield code="a">mou20210824</subfield>
    <subfield code="b">20210824</subfield>
    <subfield code="c">u</subfield>
  </datafield>
</record>