
<record>
  <controlfield tag="000">05592nam a2201501#a 4500</controlfield>
  <controlfield tag="001">630185</controlfield>
  <controlfield tag="005">20220602135941.0</controlfield>
  <controlfield tag="008">080626s2008    che    #r     ||| | eng d</controlfield>
  <datafield tag="029" ind1=" " ind2=" ">
    <subfield code="a">JN</subfield>
    <subfield code="b">G0814369 E</subfield>
  </datafield>
  <datafield tag="035" ind1=" " ind2=" ">
    <subfield code="a">D866110X</subfield>
    <subfield code="z">D9585225</subfield>
  </datafield>
  <datafield tag="035" ind1=" " ind2=" ">
    <subfield code="a">(DHL)866110</subfield>
  </datafield>
  <datafield tag="039" ind1=" " ind2=" ">
    <subfield code="a">GUN</subfield>
  </datafield>
  <datafield tag="040" ind1=" " ind2=" ">
    <subfield code="a">SzGeBNU</subfield>
    <subfield code="b">eng</subfield>
  </datafield>
  <datafield tag="041" ind1=" " ind2=" ">
    <subfield code="a">arachiengfrerusspa</subfield>
  </datafield>
  <datafield tag="049" ind1=" " ind2=" ">
    <subfield code="a">che</subfield>
  </datafield>
  <datafield tag="089" ind1=" " ind2=" ">
    <subfield code="b">B02</subfield>
  </datafield>
  <datafield tag="091" ind1=" " ind2=" ">
    <subfield code="a">LTD</subfield>
  </datafield>
  <datafield tag="099" ind1=" " ind2=" ">
    <subfield code="a">UNG</subfield>
    <subfield code="b">GUN</subfield>
  </datafield>
  <datafield tag="191" ind1=" " ind2=" ">
    <subfield code="a">A/HRC/8/L.17</subfield>
    <subfield code="b">A/HRC/</subfield>
    <subfield code="c">8</subfield>
    <subfield code="q">AHRC8L17</subfield>
    <subfield code="r">AHRC8</subfield>
    <subfield code="0">(DHLAUTH)744676</subfield>
  </datafield>
  <datafield tag="245" ind1="1" ind2="0">
    <subfield code="a">Special Rapporteur on Trafficking in Persons, Especially Women and Children :</subfield>
    <subfield code="b">draft resolution /</subfield>
    <subfield code="c">Albania, Belarus, Belgium, Bosnia and Herzegovina, Costa Rica, Croatia, Cyprus, Czech Republic, Denmark, Finland, France, Germany, Guatemala, Honduras, Indonesia, Italy, Latvia, Lithuania, Luxembourg, Montenegro, Netherlands, Panama, Peru, Philippines, Portugal, Serbia, Slovakia, Slovenia, Spain, Sri Lanka, the former Yugoslav Republic of Macedonia, Turkey, Uruguay, Viet Nam</subfield>
  </datafield>
  <datafield tag="260" ind1=" " ind2=" ">
    <subfield code="a">Geneva :</subfield>
    <subfield code="b">UN,</subfield>
    <subfield code="c">12 June 2008</subfield>
  </datafield>
  <datafield tag="269" ind1=" " ind2=" ">
    <subfield code="a">2008-06-12</subfield>
  </datafield>
  <datafield tag="300" ind1=" " ind2=" ">
    <subfield code="a">6 p.</subfield>
  </datafield>
  <datafield tag="610" ind1="2" ind2="7">
    <subfield code="2">unbisn</subfield>
    <subfield code="a">UN. Human Rights Council. Special Rapporteur on Trafficking in Persons, Especially in Women and Children</subfield>
    <subfield code="g">Terms of reference</subfield>
    <subfield code="0">(DHLAUTH)748328</subfield>
  </datafield>
  <datafield tag="610" ind1="2" ind2="7">
    <subfield code="2">unbisn</subfield>
    <subfield code="a">Inter-Agency Coordination Group on Trafficking in Persons</subfield>
    <subfield code="0">(DHLAUTH)716050</subfield>
  </datafield>
  <datafield tag="610" ind1="2" ind2="7">
    <subfield code="a">UN. Office of the High Commissioner for Human Rights</subfield>
    <subfield code="2">unbisn</subfield>
    <subfield code="0">(DHLAUTH)80157</subfield>
  </datafield>
  <datafield tag="630" ind1="0" ind2="7">
    <subfield code="a">UN Convention against Transnational Organized Crime (2000)</subfield>
    <subfield code="2">unbisn</subfield>
    <subfield code="0">(DHLAUTH)467742</subfield>
  </datafield>
  <datafield tag="630" ind1="0" ind2="7">
    <subfield code="a">Protocol to Prevent, Suppress and Punish Trafficking in Persons, Especially Women and Children, supplementing the United Nations Convention against Transnational Organized Crime (2000)</subfield>
    <subfield code="2">unbisn</subfield>
    <subfield code="0">(DHLAUTH)533630</subfield>
  </datafield>
  <datafield tag="630" ind1="0" ind2="7">
    <subfield code="a">Recommended Principles and Guidelines on Human Rights and Human Trafficking</subfield>
    <subfield code="2">unbisn</subfield>
    <subfield code="0">(DHLAUTH)624806</subfield>
  </datafield>
  <datafield tag="650" ind1="1" ind2="7">
    <subfield code="a">TRAFFICKING IN PERSONS</subfield>
    <subfield code="2">unbist</subfield>
    <subfield code="0">(DHLAUTH)610025</subfield>
  </datafield>
  <datafield tag="650" ind1="1" ind2="7">
    <subfield code="a">WOMEN</subfield>
    <subfield code="2">unbist</subfield>
    <subfield code="0">(DHLAUTH)273032</subfield>
  </datafield>
  <datafield tag="650" ind1="1" ind2="7">
    <subfield code="a">SALE OF CHILDREN</subfield>
    <subfield code="2">unbist</subfield>
    <subfield code="0">(DHLAUTH)274495</subfield>
  </datafield>
  <datafield tag="650" ind1="1" ind2="7">
    <subfield code="a">SPECIAL RAPPORTEURS</subfield>
    <subfield code="2">unbist</subfield>
    <subfield code="0">(DHLAUTH)276057</subfield>
  </datafield>
  <datafield tag="650" ind1="2" ind2="7">
    <subfield code="a">DEVELOPING COUNTRIES</subfield>
    <subfield code="2">unbist</subfield>
    <subfield code="0">(DHLAUTH)268442</subfield>
  </datafield>
  <datafield tag="650" ind1="2" ind2="7">
    <subfield code="a">ECONOMIES IN TRANSITION</subfield>
    <subfield code="2">unbist</subfield>
    <subfield code="0">(DHLAUTH)269666</subfield>
  </datafield>
  <datafield tag="650" ind1="2" ind2="7">
    <subfield code="a">TRANSNATIONAL CRIME</subfield>
    <subfield code="2">unbist</subfield>
    <subfield code="0">(DHLAUTH)441042</subfield>
  </datafield>
  <datafield tag="650" ind1="2" ind2="7">
    <subfield code="a">ORGANIZED CRIME</subfield>
    <subfield code="2">unbist</subfield>
    <subfield code="0">(DHLAUTH)274547</subfield>
  </datafield>
  <datafield tag="650" ind1="2" ind2="7">
    <subfield code="a">INFORMATION TECHNOLOGY</subfield>
    <subfield code="2">unbist</subfield>
    <subfield code="0">(DHLAUTH)272714</subfield>
  </datafield>
  <datafield tag="650" ind1="2" ind2="7">
    <subfield code="a">INTERNET</subfield>
    <subfield code="2">unbist</subfield>
    <subfield code="0">(DHLAUTH)438931</subfield>
  </datafield>
  <datafield tag="650" ind1="2" ind2="7">
    <subfield code="a">PROSTITUTION</subfield>
    <subfield code="2">unbist</subfield>
    <subfield code="0">(DHLAUTH)273893</subfield>
  </datafield>
  <datafield tag="650" ind1="2" ind2="7">
    <subfield code="a">CHILD PORNOGRAPHY</subfield>
    <subfield code="2">unbist</subfield>
    <subfield code="0">(DHLAUTH)274494</subfield>
  </datafield>
  <datafield tag="650" ind1="2" ind2="7">
    <subfield code="a">CHILD PROSTITUTION</subfield>
    <subfield code="2">unbist</subfield>
    <subfield code="0">(DHLAUTH)272965</subfield>
  </datafield>
  <datafield tag="650" ind1="2" ind2="7">
    <subfield code="a">FORCED MARRIAGE</subfield>
    <subfield code="2">unbist</subfield>
    <subfield code="0">(DHLAUTH)550306</subfield>
  </datafield>
  <datafield tag="650" ind1="2" ind2="7">
    <subfield code="a">SEX TOURISM</subfield>
    <subfield code="2">unbist</subfield>
    <subfield code="0">(DHLAUTH)276613</subfield>
  </datafield>
  <datafield tag="650" ind1="2" ind2="7">
    <subfield code="a">IMPUNITY</subfield>
    <subfield code="2">unbist</subfield>
    <subfield code="0">(DHLAUTH)269413</subfield>
  </datafield>
  <datafield tag="650" ind1="2" ind2="7">
    <subfield code="a">FORCED LABOUR</subfield>
    <subfield code="2">unbist</subfield>
    <subfield code="0">(DHLAUTH)274456</subfield>
  </datafield>
  <datafield tag="650" ind1="2" ind2="7">
    <subfield code="a">SLAVERY</subfield>
    <subfield code="2">unbist</subfield>
    <subfield code="0">(DHLAUTH)274463</subfield>
  </datafield>
  <datafield tag="650" ind1="2" ind2="7">
    <subfield code="a">ORGAN TRANSPLANTATION</subfield>
    <subfield code="2">unbist</subfield>
    <subfield code="0">(DHLAUTH)273956</subfield>
  </datafield>
  <datafield tag="650" ind1="2" ind2="7">
    <subfield code="a">LAWS AND REGULATIONS</subfield>
    <subfield code="2">unbist</subfield>
    <subfield code="0">(DHLAUTH)268352</subfield>
  </datafield>
  <datafield tag="650" ind1="2" ind2="7">
    <subfield code="a">CRIMINAL LAW</subfield>
    <subfield code="2">unbist</subfield>
    <subfield code="0">(DHLAUTH)269127</subfield>
  </datafield>
  <datafield tag="650" ind1="2" ind2="7">
    <subfield code="a">LAW ENFORCEMENT</subfield>
    <subfield code="2">unbist</subfield>
    <subfield code="0">(DHLAUTH)274592</subfield>
  </datafield>
  <datafield tag="650" ind1="2" ind2="7">
    <subfield code="a">CRIME VICTIMS</subfield>
    <subfield code="2">unbist</subfield>
    <subfield code="0">(DHLAUTH)268385</subfield>
  </datafield>
  <datafield tag="650" ind1="2" ind2="7">
    <subfield code="a">REHABILITATION</subfield>
    <subfield code="2">unbist</subfield>
    <subfield code="0">(DHLAUTH)273690</subfield>
  </datafield>
  <datafield tag="650" ind1="2" ind2="7">
    <subfield code="a">SEX CRIMES</subfield>
    <subfield code="2">unbist</subfield>
    <subfield code="0">(DHLAUTH)273132</subfield>
  </datafield>
  <datafield tag="650" ind1="2" ind2="7">
    <subfield code="a">CRIME PREVENTION</subfield>
    <subfield code="2">unbist</subfield>
    <subfield code="0">(DHLAUTH)274588</subfield>
  </datafield>
  <datafield tag="650" ind1="2" ind2="7">
    <subfield code="a">INTERNATIONAL COOPERATION</subfield>
    <subfield code="2">unbist</subfield>
    <subfield code="0">(DHLAUTH)268622</subfield>
  </datafield>
  <datafield tag="650" ind1="2" ind2="7">
    <subfield code="a">TRAINING PROGRAMMES</subfield>
    <subfield code="2">unbist</subfield>
    <subfield code="0">(DHLAUTH)274026</subfield>
  </datafield>
  <datafield tag="650" ind1="2" ind2="7">
    <subfield code="a">LAW ENFORCEMENT OFFICIALS</subfield>
    <subfield code="2">unbist</subfield>
    <subfield code="0">(DHLAUTH)269338</subfield>
  </datafield>
  <datafield tag="650" ind1="2" ind2="7">
    <subfield code="a">IMMIGRATION OFFICERS</subfield>
    <subfield code="2">unbist</subfield>
    <subfield code="0">(DHLAUTH)468212</subfield>
  </datafield>
  <datafield tag="650" ind1="2" ind2="7">
    <subfield code="a">CRIMINAL JUSTICE</subfield>
    <subfield code="2">unbist</subfield>
    <subfield code="0">(DHLAUTH)269126</subfield>
  </datafield>
  <datafield tag="650" ind1="2" ind2="7">
    <subfield code="a">PEACEKEEPING OPERATIONS</subfield>
    <subfield code="2">unbist</subfield>
    <subfield code="0">(DHLAUTH)474428</subfield>
  </datafield>
  <datafield tag="650" ind1="2" ind2="7">
    <subfield code="a">PUBLIC INFORMATION</subfield>
    <subfield code="2">unbist</subfield>
    <subfield code="0">(DHLAUTH)268517</subfield>
  </datafield>
  <datafield tag="650" ind1="2" ind2="7">
    <subfield code="a">INFORMATION EXCHANGE</subfield>
    <subfield code="2">unbist</subfield>
    <subfield code="0">(DHLAUTH)275144</subfield>
  </datafield>
  <datafield tag="650" ind1="2" ind2="7">
    <subfield code="a">DATA COLLECTION</subfield>
    <subfield code="2">unbist</subfield>
    <subfield code="0">(DHLAUTH)270174</subfield>
  </datafield>
  <datafield tag="650" ind1="2" ind2="7">
    <subfield code="a">TREATIES</subfield>
    <subfield code="2">unbist</subfield>
    <subfield code="0">(DHLAUTH)9632</subfield>
  </datafield>
  <datafield tag="650" ind1="2" ind2="7">
    <subfield code="a">SIGNATURES, ACCESSIONS, RATIFICATIONS</subfield>
    <subfield code="2">unbist</subfield>
    <subfield code="0">(DHLAUTH)275982</subfield>
  </datafield>
  <datafield tag="650" ind1="2" ind2="7">
    <subfield code="a">COORDINATION WITHIN UN SYSTEM</subfield>
    <subfield code="2">unbist</subfield>
    <subfield code="0">(DHLAUTH)268575</subfield>
  </datafield>
  <datafield tag="650" ind1="2" ind2="7">
    <subfield code="a">RESOURCES ALLOCATION</subfield>
    <subfield code="2">unbist</subfield>
    <subfield code="0">(DHLAUTH)269658</subfield>
  </datafield>
  <datafield tag="650" ind1="2" ind2="7">
    <subfield code="a">REPORT PREPARATION</subfield>
    <subfield code="2">unbist</subfield>
    <subfield code="0">(DHLAUTH)275139</subfield>
  </datafield>
  <datafield tag="650" ind1="2" ind2="7">
    <subfield code="a">PRINCIPLES</subfield>
    <subfield code="2">unbist</subfield>
    <subfield code="0">(DHLAUTH)275776</subfield>
  </datafield>
  <datafield tag="650" ind1="2" ind2="7">
    <subfield code="a">GUIDELINES</subfield>
    <subfield code="2">unbist</subfield>
    <subfield code="0">(DHLAUTH)275775</subfield>
  </datafield>
  <datafield tag="710" ind1="2" ind2=" ">
    <subfield code="a">Albania</subfield>
    <subfield code="9">ms</subfield>
    <subfield code="0">(DHLAUTH)103802</subfield>
  </datafield>
  <datafield tag="710" ind1="2" ind2=" ">
    <subfield code="a">Belarus</subfield>
    <subfield code="9">ms</subfield>
    <subfield code="0">(DHLAUTH)189147</subfield>
  </datafield>
  <datafield tag="710" ind1="2" ind2=" ">
    <subfield code="a">Belgium</subfield>
    <subfield code="9">ms</subfield>
    <subfield code="0">(DHLAUTH)58943</subfield>
  </datafield>
  <datafield tag="710" ind1="2" ind2=" ">
    <subfield code="a">Bosnia and Herzegovina</subfield>
    <subfield code="9">ms</subfield>
    <subfield code="0">(DHLAUTH)202549</subfield>
  </datafield>
  <datafield tag="710" ind1="2" ind2=" ">
    <subfield code="a">Costa Rica</subfield>
    <subfield code="9">ms</subfield>
    <subfield code="0">(DHLAUTH)72125</subfield>
  </datafield>
  <datafield tag="710" ind1="2" ind2=" ">
    <subfield code="a">Croatia</subfield>
    <subfield code="9">ms</subfield>
    <subfield code="0">(DHLAUTH)202559</subfield>
  </datafield>
  <datafield tag="710" ind1="2" ind2=" ">
    <subfield code="a">Cyprus</subfield>
    <subfield code="9">ms</subfield>
    <subfield code="0">(DHLAUTH)72141</subfield>
  </datafield>
  <datafield tag="710" ind1="2" ind2=" ">
    <subfield code="a">Czech Republic</subfield>
    <subfield code="0">(DHLAUTH)59647</subfield>
  </datafield>
  <datafield tag="710" ind1="2" ind2=" ">
    <subfield code="a">Denmark</subfield>
    <subfield code="9">ms</subfield>
    <subfield code="0">(DHLAUTH)72159</subfield>
  </datafield>
  <datafield tag="710" ind1="2" ind2=" ">
    <subfield code="a">Finland</subfield>
    <subfield code="9">ms</subfield>
    <subfield code="0">(DHLAUTH)59983</subfield>
  </datafield>
  <datafield tag="710" ind1="2" ind2=" ">
    <subfield code="a">France</subfield>
    <subfield code="9">ms</subfield>
    <subfield code="0">(DHLAUTH)60043</subfield>
  </datafield>
  <datafield tag="710" ind1="2" ind2=" ">
    <subfield code="a">Germany</subfield>
    <subfield code="9">ms</subfield>
    <subfield code="0">(DHLAUTH)72242</subfield>
  </datafield>
  <datafield tag="710" ind1="2" ind2=" ">
    <subfield code="a">Guatemala</subfield>
    <subfield code="9">ms</subfield>
    <subfield code="0">(DHLAUTH)72281</subfield>
  </datafield>
  <datafield tag="710" ind1="2" ind2=" ">
    <subfield code="a">Honduras</subfield>
    <subfield code="9">ms</subfield>
    <subfield code="0">(DHLAUTH)39711</subfield>
  </datafield>
  <datafield tag="710" ind1="2" ind2=" ">
    <subfield code="a">Indonesia</subfield>
    <subfield code="9">ms</subfield>
    <subfield code="0">(DHLAUTH)60335</subfield>
  </datafield>
  <datafield tag="710" ind1="2" ind2=" ">
    <subfield code="a">Italy</subfield>
    <subfield code="9">ms</subfield>
    <subfield code="0">(DHLAUTH)72483</subfield>
  </datafield>
  <datafield tag="710" ind1="2" ind2=" ">
    <subfield code="a">Latvia</subfield>
    <subfield code="9">ms</subfield>
    <subfield code="0">(DHLAUTH)190275</subfield>
  </datafield>
  <datafield tag="710" ind1="2" ind2=" ">
    <subfield code="a">Lithuania</subfield>
    <subfield code="9">ms</subfield>
    <subfield code="0">(DHLAUTH)190293</subfield>
  </datafield>
  <datafield tag="710" ind1="2" ind2=" ">
    <subfield code="a">Luxembourg</subfield>
    <subfield code="9">ms</subfield>
    <subfield code="0">(DHLAUTH)39895</subfield>
  </datafield>
  <datafield tag="710" ind1="2" ind2=" ">
    <subfield code="a">Montenegro</subfield>
    <subfield code="9">ms</subfield>
    <subfield code="0">(DHLAUTH)709795</subfield>
  </datafield>
  <datafield tag="710" ind1="2" ind2=" ">
    <subfield code="a">Netherlands</subfield>
    <subfield code="9">ms</subfield>
    <subfield code="0">(DHLAUTH)72619</subfield>
  </datafield>
  <datafield tag="710" ind1="2" ind2=" ">
    <subfield code="a">Panama</subfield>
    <subfield code="9">ms</subfield>
    <subfield code="0">(DHLAUTH)40007</subfield>
  </datafield>
  <datafield tag="710" ind1="2" ind2=" ">
    <subfield code="a">Peru</subfield>
    <subfield code="9">ms</subfield>
    <subfield code="0">(DHLAUTH)40025</subfield>
  </datafield>
  <datafield tag="710" ind1="2" ind2=" ">
    <subfield code="a">Philippines</subfield>
    <subfield code="9">ms</subfield>
    <subfield code="0">(DHLAUTH)72765</subfield>
  </datafield>
  <datafield tag="710" ind1="2" ind2=" ">
    <subfield code="a">Portugal</subfield>
    <subfield code="9">ms</subfield>
    <subfield code="0">(DHLAUTH)40035</subfield>
  </datafield>
  <datafield tag="710" ind1="2" ind2=" ">
    <subfield code="a">Serbia</subfield>
    <subfield code="9">ms</subfield>
    <subfield code="0">(DHLAUTH)709794</subfield>
  </datafield>
  <datafield tag="710" ind1="2" ind2=" ">
    <subfield code="a">Slovakia</subfield>
    <subfield code="9">ms</subfield>
    <subfield code="0">(DHLAUTH)59648</subfield>
  </datafield>
  <datafield tag="710" ind1="2" ind2=" ">
    <subfield code="a">Slovenia</subfield>
    <subfield code="9">ms</subfield>
    <subfield code="0">(DHLAUTH)202569</subfield>
  </datafield>
  <datafield tag="710" ind1="2" ind2=" ">
    <subfield code="a">Spain</subfield>
    <subfield code="9">ms</subfield>
    <subfield code="0">(DHLAUTH)72857</subfield>
  </datafield>
  <datafield tag="710" ind1="2" ind2=" ">
    <subfield code="a">Sri Lanka</subfield>
    <subfield code="9">ms</subfield>
    <subfield code="0">(DHLAUTH)72859</subfield>
  </datafield>
  <datafield tag="710" ind1="2" ind2=" ">
    <subfield code="a">The former Yugoslav Republic of Macedonia</subfield>
    <subfield code="0">(DHLAUTH)228505</subfield>
  </datafield>
  <datafield tag="710" ind1="2" ind2=" ">
    <subfield code="a">Turkey</subfield>
    <subfield code="9">ms</subfield>
    <subfield code="0">(DHLAUTH)40073</subfield>
  </datafield>
  <datafield tag="710" ind1="2" ind2=" ">
    <subfield code="a">Uruguay</subfield>
    <subfield code="9">ms</subfield>
    <subfield code="0">(DHLAUTH)40099</subfield>
  </datafield>
  <datafield tag="710" ind1="2" ind2=" ">
    <subfield code="a">Viet Nam</subfield>
    <subfield code="9">ms</subfield>
    <subfield code="0">(DHLAUTH)74708</subfield>
  </datafield>
  <datafield tag="856" ind1="4" ind2=" ">
    <subfield code="y">العربية</subfield>
    <subfield code="9">7511db1d-e63d-4090-a71d-591a9b807494</subfield>
    <subfield code="s">86344</subfield>
    <subfield code="u">https://digitallibrary.un.org/record/630185/files/A_HRC_8_L.17-AR.pdf</subfield>
  </datafield>
  <datafield tag="856" ind1="4" ind2=" ">
    <subfield code="y">中文</subfield>
    <subfield code="9">a106d621-552c-4c5c-bb0f-22de036b4bde</subfield>
    <subfield code="s">219555</subfield>
    <subfield code="u">https://digitallibrary.un.org/record/630185/files/A_HRC_8_L.17-ZH.pdf</subfield>
  </datafield>
  <datafield tag="856" ind1="4" ind2=" ">
    <subfield code="y">English</subfield>
    <subfield code="9">7e51cc88-b9cb-48a2-a259-22167922050a</subfield>
    <subfield code="s">30401</subfield>
    <subfield code="u">https://digitallibrary.un.org/record/630185/files/A_HRC_8_L.17-EN.pdf</subfield>
  </datafield>
  <datafield tag="856" ind1="4" ind2=" ">
    <subfield code="y">Français</subfield>
    <subfield code="9">92b71ab7-0162-4a4e-a08b-c58cdcc0f22b</subfield>
    <subfield code="s">34418</subfield>
    <subfield code="u">https://digitallibrary.un.org/record/630185/files/A_HRC_8_L.17-FR.pdf</subfield>
  </datafield>
  <datafield tag="856" ind1="4" ind2=" ">
    <subfield code="y">Русский</subfield>
    <subfield code="9">f5ad848e-34c5-4643-baaa-b5a0600d7585</subfield>
    <subfield code="s">118071</subfield>
    <subfield code="u">https://digitallibrary.un.org/record/630185/files/A_HRC_8_L.17-RU.pdf</subfield>
  </datafield>
  <datafield tag="856" ind1="4" ind2=" ">
    <subfield code="y">Español</subfield>
    <subfield code="9">bbcf7852-9774-4178-8569-4d81238a774a</subfield>
    <subfield code="s">115347</subfield>
    <subfield code="u">https://digitallibrary.un.org/record/630185/files/A_HRC_8_L.17-ES.pdf</subfield>
  </datafield>
  <datafield tag="930" ind1=" " ind2=" ">
    <subfield code="a">UNDJU08</subfield>
  </datafield>
  <datafield tag="949" ind1=" " ind2=" ">
    <subfield code="9">A/HRC/8/L.17</subfield>
    <subfield code="b">10000008661101</subfield>
    <subfield code="i">1567238</subfield>
    <subfield code="k">unas</subfield>
    <subfield code="c">c. 1</subfield>
    <subfield code="l">DHL</subfield>
    <subfield code="z">t</subfield>
    <subfield code="m">14day</subfield>
    <subfield code="d">20080718000000</subfield>
  </datafield>
  <datafield tag="949" ind1=" " ind2=" ">
    <subfield code="9">A/HRC/8/L.17</subfield>
    <subfield code="b">1567244.1.1</subfield>
    <subfield code="i">1567244</subfield>
    <subfield code="k">unss</subfield>
    <subfield code="c">c. 1</subfield>
    <subfield code="l">DHL</subfield>
    <subfield code="z">t</subfield>
    <subfield code="m">14day</subfield>
    <subfield code="d">20080718000000</subfield>
  </datafield>
  <datafield tag="949" ind1=" " ind2=" ">
    <subfield code="9">A/HRC/8/L.17</subfield>
    <subfield code="b">1567239.1.1</subfield>
    <subfield code="i">1567239</subfield>
    <subfield code="k">unfs</subfield>
    <subfield code="c">c. 1</subfield>
    <subfield code="l">DHL</subfield>
    <subfield code="z">t</subfield>
    <subfield code="m">14day</subfield>
    <subfield code="d">20080718000000</subfield>
  </datafield>
  <datafield tag="949" ind1=" " ind2=" ">
    <subfield code="9">A/HRC/8/L.17</subfield>
    <subfield code="b">1000000866110g</subfield>
    <subfield code="i">1561112</subfield>
    <subfield code="k">gun</subfield>
    <subfield code="l">UNOG</subfield>
    <subfield code="z">t</subfield>
    <subfield code="m">unog</subfield>
    <subfield code="d">20080626000000</subfield>
  </datafield>
  <datafield tag="949" ind1=" " ind2=" ">
    <subfield code="9">A/HRC/8/L.17</subfield>
    <subfield code="b">1567460.1.1</subfield>
    <subfield code="i">1567460</subfield>
    <subfield code="k">unrs</subfield>
    <subfield code="c">c. 1</subfield>
    <subfield code="l">DHL</subfield>
    <subfield code="z">t</subfield>
    <subfield code="m">14day</subfield>
    <subfield code="d">20080721000000</subfield>
  </datafield>
  <datafield tag="949" ind1=" " ind2=" ">
    <subfield code="9">A/HRC/8/L.17</subfield>
    <subfield code="b">1567245.1.1</subfield>
    <subfield code="i">1567245</subfield>
    <subfield code="k">uncs</subfield>
    <subfield code="c">c. 1</subfield>
    <subfield code="l">DHL</subfield>
    <subfield code="z">t</subfield>
    <subfield code="m">14day</subfield>
    <subfield code="d">20080718000000</subfield>
  </datafield>
  <datafield tag="980" ind1=" " ind2=" ">
    <subfield code="a">BIB</subfield>
  </datafield>
  <datafield tag="981" ind1=" " ind2=" ">
    <subfield code="a">General Assembly</subfield>
    <subfield code="b">Human Rights Council</subfield>
  </datafield>
  <datafield tag="981" ind1=" " ind2=" ">
    <subfield code="a">Human Rights Bodies</subfield>
    <subfield code="b">Charter-Based Human Rights Bodies</subfield>
    <subfield code="c">Human Rights Council</subfield>
  </datafield>
  <datafield tag="989" ind1=" " ind2=" ">
    <subfield code="a">Documents and Publications</subfield>
    <subfield code="b">Draft Resolutions and Decisions</subfield>
  </datafield>
  <datafield tag="991" ind1=" " ind2=" ">
    <subfield code="a">A/HRC/8/1</subfield>
    <subfield code="b">3</subfield>
    <subfield code="c">Promotion and protection of all human rights, civil, political, economic, social and cultural rights, including the right to development.</subfield>
    <subfield code="0">(DHLAUTH)746931</subfield>
  </datafield>
  <datafield tag="991" ind1=" " ind2=" ">
    <subfield code="a">A/HRC/8/1</subfield>
    <subfield code="b">3c</subfield>
    <subfield code="c">Rights of peoples, and specific groups and individuals.</subfield>
    <subfield code="0">(DHLAUTH)746934</subfield>
  </datafield>
  <datafield tag="993" ind1="1" ind2=" ">
    <subfield code="a">A/HRC/RES/8/12</subfield>
  </datafield>
  <datafield tag="998" ind1=" " ind2=" ">
    <subfield code="a">20080626095100</subfield>
    <subfield code="b">jccat2</subfield>
    <subfield code="c">20220602120300</subfield>
    <subfield code="d">sh35cat</subfield>
    <subfield code="x">0x00010000c65d3c54</subfield>
    <subfield code="z">20220602160753</subfield>
  </datafield>
  <datafield tag="999" ind1=" " ind2=" ">
    <subfield code="a">jcc20080626</subfield>
    <subfield code="b">20080626</subfield>
    <subfield code="c">c</subfield>
  </datafield>
  <datafield tag="999" ind1=" " ind2=" ">
    <subfield code="a">mpu20080630</subfield>
    <subfield code="b">20080630</subfield>
    <subfield code="c">u</subfield>
  </datafield>
  <datafield tag="999" ind1=" " ind2=" ">
    <subfield code="a">pni20080718</subfield>
    <subfield code="b">20080718</subfield>
    <subfield code="c">i</subfield>
  </datafield>
  <datafield tag="999" ind1=" " ind2=" ">
    <subfield code="a">pni20080721</subfield>
    <subfield code="b">20080721</subfield>
    <subfield code="c">i</subfield>
  </datafield>
  <datafield tag="999" ind1=" " ind2=" ">
    <subfield code="a">jcu20090107</subfield>
    <subfield code="b">20090107</subfield>
    <subfield code="c">u</subfield>
  </datafield>
  <datafield tag="999" ind1=" " ind2=" ">
    <subfield code="a">mpu20090113</subfield>
    <subfield code="b">20090113</subfield>
    <subfield code="c">u</subfield>
  </datafield>
  <datafield tag="999" ind1=" " ind2=" ">
    <subfield code="a">jcu20090622</subfield>
    <subfield code="b">20090622</subfield>
    <subfield code="c">u</subfield>
  </datafield>
</record>