
<record>
  <controlfield tag="000">03874cam a2200757#a 4500</controlfield>
  <controlfield tag="001">404766</controlfield>
  <controlfield tag="005">20210716223341.0</controlfield>
  <controlfield tag="008">990917c1999    usa     r     00010 eng d</controlfield>
  <datafield tag="029" ind1=" " ind2=" ">
    <subfield code="a">JN</subfield>
    <subfield code="b">N0027157 E</subfield>
  </datafield>
  <datafield tag="035" ind1=" " ind2=" ">
    <subfield code="a">D604490X</subfield>
    <subfield code="z">D0245965</subfield>
  </datafield>
  <datafield tag="035" ind1=" " ind2=" ">
    <subfield code="a">(DHL)604490</subfield>
  </datafield>
  <datafield tag="039" ind1=" " ind2=" ">
    <subfield code="a">DHU</subfield>
  </datafield>
  <datafield tag="040" ind1=" " ind2=" ">
    <subfield code="a">NNUN</subfield>
    <subfield code="b">eng</subfield>
  </datafield>
  <datafield tag="041" ind1="0" ind2=" ">
    <subfield code="a">arachiengfrerusspa</subfield>
  </datafield>
  <datafield tag="049" ind1=" " ind2=" ">
    <subfield code="a">USA</subfield>
  </datafield>
  <datafield tag="089" ind1=" " ind2=" ">
    <subfield code="b">B01</subfield>
  </datafield>
  <datafield tag="091" ind1=" " ind2=" ">
    <subfield code="a">GEN</subfield>
  </datafield>
  <datafield tag="099" ind1=" " ind2=" ">
    <subfield code="a">UNH</subfield>
    <subfield code="b">DHU</subfield>
  </datafield>
  <datafield tag="191" ind1=" " ind2=" ">
    <subfield code="a">A/RES/54/139</subfield>
    <subfield code="b">A/</subfield>
    <subfield code="c">54</subfield>
    <subfield code="9">G99</subfield>
    <subfield code="f">4.0339</subfield>
    <subfield code="q">ARES54139</subfield>
    <subfield code="r">A54</subfield>
    <subfield code="0">(DHLAUTH)527213</subfield>
  </datafield>
  <datafield tag="245" ind1="1" ind2="0">
    <subfield code="a">Improvement of the status of women in the Secretariat :</subfield>
    <subfield code="b">resolution /</subfield>
    <subfield code="c">adopted by the General Assembly</subfield>
  </datafield>
  <datafield tag="249" ind1=" " ind2=" ">
    <subfield code="a">Improvement of the status of women in the Secretariat</subfield>
  </datafield>
  <datafield tag="260" ind1=" " ind2=" ">
    <subfield code="a">[New York] :</subfield>
    <subfield code="b">UN,</subfield>
    <subfield code="c">10 Feb. 2000</subfield>
  </datafield>
  <datafield tag="269" ind1=" " ind2=" ">
    <subfield code="a">2000-02-10</subfield>
  </datafield>
  <datafield tag="300" ind1=" " ind2=" ">
    <subfield code="a">4 p.</subfield>
  </datafield>
  <datafield tag="500" ind1=" " ind2=" ">
    <subfield code="a">Adopted at the 83rd plenary meeting, 17 Dec. 1999.</subfield>
  </datafield>
  <datafield tag="592" ind1=" " ind2=" ">
    <subfield code="a">Issued in GAOR, 54th sess., Suppl. no. 49.</subfield>
  </datafield>
  <datafield tag="610" ind1="2" ind2="4">
    <subfield code="a">UN</subfield>
    <subfield code="g">Personnel questions</subfield>
    <subfield code="0">(DHLAUTH)305993</subfield>
  </datafield>
  <datafield tag="610" ind1="2" ind2="4">
    <subfield code="a">UN System</subfield>
    <subfield code="g">Personnel questions</subfield>
    <subfield code="0">(DHLAUTH)298757</subfield>
  </datafield>
  <datafield tag="610" ind1="2" ind2="7">
    <subfield code="a">UN. Secretariat</subfield>
    <subfield code="g">Staff composition</subfield>
    <subfield code="0">(DHLAUTH)314737</subfield>
  </datafield>
  <datafield tag="610" ind1="2" ind2="7">
    <subfield code="a">UN. General Assembly (23rd special sess. : 2000)</subfield>
    <subfield code="2">unbisn</subfield>
    <subfield code="0">(DHLAUTH)527685</subfield>
  </datafield>
  <datafield tag="610" ind1="2" ind2="7">
    <subfield code="a">UN. Special Adviser to the Secretary-General on Gender Issues and Advancement of Women</subfield>
    <subfield code="2">unbisn</subfield>
    <subfield code="0">(DHLAUTH)478208</subfield>
  </datafield>
  <datafield tag="610" ind1="2" ind2="7">
    <subfield code="a">UN. Steering Committee for the Improvement of the Status of Women in the Secretariat</subfield>
    <subfield code="0">(DHLAUTH)111152</subfield>
  </datafield>
  <datafield tag="630" ind1="0" ind2="7">
    <subfield code="a">Strategic Plan of Action for the Improvement of the Status of Women in the Secretariat (1995-2000)</subfield>
    <subfield code="2">unbisn</subfield>
    <subfield code="0">(DHLAUTH)260461</subfield>
  </datafield>
  <datafield tag="650" ind1="1" ind2="7">
    <subfield code="a">WOMEN'S STATUS</subfield>
    <subfield code="2">unbist</subfield>
    <subfield code="0">(DHLAUTH)269378</subfield>
  </datafield>
  <datafield tag="650" ind1="1" ind2="7">
    <subfield code="a">WOMEN WORKERS</subfield>
    <subfield code="2">unbist</subfield>
    <subfield code="0">(DHLAUTH)273153</subfield>
  </datafield>
  <datafield tag="650" ind1="1" ind2="7">
    <subfield code="a">CAREER DEVELOPMENT</subfield>
    <subfield code="0">(DHLAUTH)274239</subfield>
  </datafield>
  <datafield tag="650" ind1="1" ind2="7">
    <subfield code="a">GENDER EQUALITY</subfield>
    <subfield code="2">unbist</subfield>
    <subfield code="0">(DHLAUTH)441178</subfield>
  </datafield>
  <datafield tag="650" ind1="1" ind2="7">
    <subfield code="a">TOP ECHELON STAFF</subfield>
    <subfield code="2">unbist</subfield>
    <subfield code="0">(DHLAUTH)268639</subfield>
  </datafield>
  <datafield tag="650" ind1="2" ind2="7">
    <subfield code="a">PROGRAMMES OF ACTION</subfield>
    <subfield code="2">unbist</subfield>
    <subfield code="0">(DHLAUTH)275777</subfield>
  </datafield>
  <datafield tag="650" ind1="2" ind2="7">
    <subfield code="a">APPOINTMENT OF OFFICIALS</subfield>
    <subfield code="2">unbist</subfield>
    <subfield code="0">(DHLAUTH)276042</subfield>
  </datafield>
  <datafield tag="650" ind1="2" ind2="7">
    <subfield code="a">RECRUITMENT</subfield>
    <subfield code="2">unbist</subfield>
    <subfield code="0">(DHLAUTH)272038</subfield>
  </datafield>
  <datafield tag="650" ind1="2" ind2="7">
    <subfield code="a">SEXUAL HARASSMENT</subfield>
    <subfield code="2">unbist</subfield>
    <subfield code="0">(DHLAUTH)274443</subfield>
  </datafield>
  <datafield tag="650" ind1="2" ind2="7">
    <subfield code="a">GUIDELINES</subfield>
    <subfield code="2">unbist</subfield>
    <subfield code="0">(DHLAUTH)275775</subfield>
  </datafield>
  <datafield tag="650" ind1="2" ind2="7">
    <subfield code="a">PROGRAMME IMPLEMENTATION</subfield>
    <subfield code="2">unbist</subfield>
    <subfield code="0">(DHLAUTH)275794</subfield>
  </datafield>
  <datafield tag="650" ind1="2" ind2="7">
    <subfield code="a">GEOGRAPHICAL DISTRIBUTION</subfield>
    <subfield code="2">unbist</subfield>
    <subfield code="0">(DHLAUTH)275774</subfield>
  </datafield>
  <datafield tag="650" ind1="2" ind2="7">
    <subfield code="a">DEVELOPING COUNTRIES</subfield>
    <subfield code="2">unbist</subfield>
    <subfield code="0">(DHLAUTH)268442</subfield>
  </datafield>
  <datafield tag="650" ind1="2" ind2="7">
    <subfield code="a">ECONOMIES IN TRANSITION</subfield>
    <subfield code="2">unbist</subfield>
    <subfield code="0">(DHLAUTH)269666</subfield>
  </datafield>
  <datafield tag="650" ind1="2" ind2="7">
    <subfield code="a">EMPLOYMENT POLICY</subfield>
    <subfield code="0">(DHLAUTH)269800</subfield>
  </datafield>
  <datafield tag="650" ind1="2" ind2="4">
    <subfield code="a">GENDER MAINSTREAMING</subfield>
    <subfield code="0">(DHLAUTH)493524</subfield>
  </datafield>
  <datafield tag="650" ind1="2" ind2="7">
    <subfield code="a">TRAINING PROGRAMMES</subfield>
    <subfield code="2">unbist</subfield>
    <subfield code="0">(DHLAUTH)274026</subfield>
  </datafield>
  <datafield tag="650" ind1="2" ind2="7">
    <subfield code="a">TERMS OF REFERENCE</subfield>
    <subfield code="2">unbist</subfield>
    <subfield code="0">(DHLAUTH)268319</subfield>
  </datafield>
  <datafield tag="710" ind1="2" ind2=" ">
    <subfield code="a">UN. General Assembly (54th sess. : 1999-2000)</subfield>
    <subfield code="0">(DHLAUTH)507357</subfield>
  </datafield>
  <datafield tag="793" ind1=" " ind2=" ">
    <subfield code="a">PL</subfield>
  </datafield>
  <datafield tag="856" ind1="4" ind2=" ">
    <subfield code="y">العربية</subfield>
    <subfield code="9">8eee1f94-f948-40f9-841f-88e395784beb</subfield>
    <subfield code="s">53176</subfield>
    <subfield code="u">https://digitallibrary.un.org/record/404766/files/A_RES_54_139-AR.pdf</subfield>
  </datafield>
  <datafield tag="856" ind1="4" ind2=" ">
    <subfield code="y">Other</subfield>
    <subfield code="9">991b1701-698a-4552-8f71-bb292c2d6c8e</subfield>
    <subfield code="s">23811</subfield>
    <subfield code="u">https://digitallibrary.un.org/record/404766/files/A_RES_54_139-DE.pdf</subfield>
  </datafield>
  <datafield tag="856" ind1="4" ind2=" ">
    <subfield code="y">English</subfield>
    <subfield code="9">0cf61b05-73a9-4a62-82be-7452ce712e3e</subfield>
    <subfield code="s">19253</subfield>
    <subfield code="u">https://digitallibrary.un.org/record/404766/files/A_RES_54_139-EN.pdf</subfield>
  </datafield>
  <datafield tag="856" ind1="4" ind2=" ">
    <subfield code="y">Español</subfield>
    <subfield code="9">b5f0de17-aff9-4cb3-8e00-f887b9e273b6</subfield>
    <subfield code="s">29627</subfield>
    <subfield code="u">https://digitallibrary.un.org/record/404766/files/A_RES_54_139-ES.pdf</subfield>
  </datafield>
  <datafield tag="856" ind1="4" ind2=" ">
    <subfield code="y">Français</subfield>
    <subfield code="9">7946cf0b-cc5c-4088-8c16-1c47f9ce782a</subfield>
    <subfield code="s">20922</subfield>
    <subfield code="u">https://digitallibrary.un.org/record/404766/files/A_RES_54_139-FR.pdf</subfield>
  </datafield>
  <datafield tag="856" ind1="4" ind2=" ">
    <subfield code="y">Русский</subfield>
    <subfield code="9">f9f42622-838e-4c09-b7e0-269bdaeb093b</subfield>
    <subfield code="s">59452</subfield>
    <subfield code="u">https://digitallibrary.un.org/record/404766/files/A_RES_54_139-RU.pdf</subfield>
  </datafield>
  <datafield tag="856" ind1="4" ind2=" ">
    <subfield code="y">中文</subfield>
    <subfield code="9">d1d9c371-97d7-43e7-bf90-bd75b8c54bb6</subfield>
    <subfield code="s">174518</subfield>
    <subfield code="u">https://digitallibrary.un.org/record/404766/files/A_RES_54_139-ZH.pdf</subfield>
  </datafield>
  <datafield tag="930" ind1=" " ind2=" ">
    <subfield code="a">UNDDE99</subfield>
  </datafield>
  <datafield tag="930" ind1=" " ind2=" ">
    <subfield code="a">UDIQD99</subfield>
    <subfield code="b">4.0339</subfield>
  </datafield>
  <datafield tag="930" ind1=" " ind2=" ">
    <subfield code="a">UPDQ100</subfield>
  </datafield>
  <datafield tag="949" ind1=" " ind2=" ">
    <subfield code="9">A/RES/54/139</subfield>
    <subfield code="b">842890.1.1</subfield>
    <subfield code="i">842890</subfield>
    <subfield code="k">unes</subfield>
    <subfield code="c">c. 1</subfield>
    <subfield code="l">DHL</subfield>
    <subfield code="z">t</subfield>
    <subfield code="m">14day</subfield>
    <subfield code="d">20000403000000</subfield>
  </datafield>
  <datafield tag="949" ind1=" " ind2=" ">
    <subfield code="9">A/RES/54/139</subfield>
    <subfield code="b">842991.5.1</subfield>
    <subfield code="i">842991</subfield>
    <subfield code="k">unrs</subfield>
    <subfield code="c">c. 1</subfield>
    <subfield code="l">DHL</subfield>
    <subfield code="z">t</subfield>
    <subfield code="m">14day</subfield>
    <subfield code="d">20000403000000</subfield>
  </datafield>
  <datafield tag="949" ind1=" " ind2=" ">
    <subfield code="9">A/RES/54/139</subfield>
    <subfield code="b">842990.4.1</subfield>
    <subfield code="i">842990</subfield>
    <subfield code="k">unfs</subfield>
    <subfield code="c">c. 1</subfield>
    <subfield code="l">DHL</subfield>
    <subfield code="z">t</subfield>
    <subfield code="m">14day</subfield>
    <subfield code="d">20000403000000</subfield>
  </datafield>
  <datafield tag="949" ind1=" " ind2=" ">
    <subfield code="9">A/RES/54/139</subfield>
    <subfield code="b">842987.1.1</subfield>
    <subfield code="i">842987</subfield>
    <subfield code="k">unas</subfield>
    <subfield code="c">c. 1</subfield>
    <subfield code="l">DHL</subfield>
    <subfield code="z">t</subfield>
    <subfield code="m">14day</subfield>
    <subfield code="d">20000403000000</subfield>
  </datafield>
  <datafield tag="949" ind1=" " ind2=" ">
    <subfield code="9">A/RES/54/139</subfield>
    <subfield code="b">842992.1.1</subfield>
    <subfield code="i">842992</subfield>
    <subfield code="k">unss</subfield>
    <subfield code="c">c. 1</subfield>
    <subfield code="l">DHL</subfield>
    <subfield code="z">t</subfield>
    <subfield code="m">14day</subfield>
    <subfield code="d">20000403000000</subfield>
  </datafield>
  <datafield tag="949" ind1=" " ind2=" ">
    <subfield code="9">A/RES/54/139</subfield>
    <subfield code="b">842988.2.1</subfield>
    <subfield code="i">842988</subfield>
    <subfield code="k">unes</subfield>
    <subfield code="c">c. 2</subfield>
    <subfield code="l">DHL</subfield>
    <subfield code="z">t</subfield>
    <subfield code="m">14day</subfield>
    <subfield code="d">20000403000000</subfield>
  </datafield>
  <datafield tag="949" ind1=" " ind2=" ">
    <subfield code="9">A/RES/54/139</subfield>
    <subfield code="b">842989.3.1</subfield>
    <subfield code="i">842989</subfield>
    <subfield code="k">uncs</subfield>
    <subfield code="c">c. 1</subfield>
    <subfield code="l">DHL</subfield>
    <subfield code="z">t</subfield>
    <subfield code="m">14day</subfield>
    <subfield code="d">20000403000000</subfield>
  </datafield>
  <datafield tag="980" ind1=" " ind2=" ">
    <subfield code="a">BIB</subfield>
  </datafield>
  <datafield tag="981" ind1=" " ind2=" ">
    <subfield code="a">General Assembly</subfield>
    <subfield code="b">General Assembly Plenary</subfield>
  </datafield>
  <datafield tag="989" ind1=" " ind2=" ">
    <subfield code="a">Documents and Publications</subfield>
    <subfield code="b">Resolutions and Decisions</subfield>
    <subfield code="c">Resolutions</subfield>
  </datafield>
  <datafield tag="991" ind1="1" ind2=" ">
    <subfield code="a">A/54/251</subfield>
    <subfield code="b">109</subfield>
    <subfield code="c">Advancement of women.</subfield>
    <subfield code="d">WOMEN'S ADVANCEMENT</subfield>
    <subfield code="z">I0140453</subfield>
    <subfield code="0">(DHLAUTH)531359</subfield>
  </datafield>
  <datafield tag="992" ind1=" " ind2=" ">
    <subfield code="a">1999-12-17</subfield>
  </datafield>
  <datafield tag="993" ind1="2" ind2=" ">
    <subfield code="a">A/C.3/54/L.19</subfield>
  </datafield>
  <datafield tag="993" ind1="3" ind2=" ">
    <subfield code="a">A/54/598</subfield>
  </datafield>
  <datafield tag="993" ind1="4" ind2=" ">
    <subfield code="a">A/54/PV.83</subfield>
  </datafield>
  <datafield tag="995" ind1=" " ind2=" ">
    <subfield code="a">Reaffirms the urgent goal of achieving 50/50 gender distribution in all categories of posts within the UN system; regrets that the goal will not be met by the year 2000; calls upon the Secretary-General to implement fully and to monitor the strategic plan of action in order to make notable progress towards the goal by the end of the year 2000, especially at the D-1 level and above; requests the Secretary-General to ensure that individual managers are held accountable for implementing the strategic plan within their areas of responsiblity; requests the Secretary-General to monitor closely the progress made by departments and offices in meeting their goals of gender balance; also requests the Secretary-General to develop further the policy against harassment, including sexual harassment, and to issue detailed guidelines; strongly encourages Member States to support the efforts of the UN and the specialized agencies to achieve the goal of 50/50 gender distribution and to identify women candidates for assignments to UN system bodies and peacekeeping missions.</subfield>
  </datafield>
  <datafield tag="996" ind1=" " ind2=" ">
    <subfield code="a">Adopted without vote, 83rd meeting</subfield>
  </datafield>
  <datafield tag="998" ind1=" " ind2=" ">
    <subfield code="a">19991221000000</subfield>
    <subfield code="b">rrcat</subfield>
    <subfield code="c">20210715154000</subfield>
    <subfield code="d">sh35cat</subfield>
    <subfield code="x">0x00010000c3d8ac7f</subfield>
    <subfield code="z">20210715194128</subfield>
  </datafield>
  <datafield tag="999" ind1=" " ind2=" ">
    <subfield code="a">pg</subfield>
    <subfield code="b">20000404</subfield>
    <subfield code="c">r</subfield>
  </datafield>
  <datafield tag="999" ind1=" " ind2=" ">
    <subfield code="a">ac</subfield>
    <subfield code="b">20000403</subfield>
    <subfield code="c">c</subfield>
  </datafield>
  <datafield tag="999" ind1=" " ind2=" ">
    <subfield code="a">rk</subfield>
    <subfield code="b">19991221</subfield>
    <subfield code="c">p</subfield>
  </datafield>
  <datafield tag="999" ind1=" " ind2=" ">
    <subfield code="a">nm</subfield>
    <subfield code="b">20000403</subfield>
    <subfield code="c">q</subfield>
  </datafield>
  <datafield tag="999" ind1=" " ind2=" ">
    <subfield code="a">TA</subfield>
    <subfield code="b">20000406</subfield>
    <subfield code="c">r</subfield>
  </datafield>
</record>