
<record>
  <controlfield tag="000">02161cam a2200625#a 4500</controlfield>
  <controlfield tag="001">1488603</controlfield>
  <controlfield tag="005">20211228004334.0</controlfield>
  <controlfield tag="008">990315c1999    usa     r     00010 eng d</controlfield>
  <datafield tag="029" ind1=" " ind2=" ">
    <subfield code="a">JN</subfield>
    <subfield code="b">N9906718 E</subfield>
  </datafield>
  <datafield tag="035" ind1=" " ind2=" ">
    <subfield code="a">D464361X</subfield>
    <subfield code="z">D0234692</subfield>
  </datafield>
  <datafield tag="035" ind1=" " ind2=" ">
    <subfield code="a">(DHL)464361</subfield>
  </datafield>
  <datafield tag="039" ind1=" " ind2=" ">
    <subfield code="a">DHU</subfield>
  </datafield>
  <datafield tag="040" ind1=" " ind2=" ">
    <subfield code="a">NNUN</subfield>
    <subfield code="b">eng</subfield>
  </datafield>
  <datafield tag="041" ind1="0" ind2=" ">
    <subfield code="a">arachiengfrerusspa</subfield>
  </datafield>
  <datafield tag="049" ind1=" " ind2=" ">
    <subfield code="a">USA</subfield>
  </datafield>
  <datafield tag="089" ind1=" " ind2=" ">
    <subfield code="b">B02</subfield>
  </datafield>
  <datafield tag="091" ind1=" " ind2=" ">
    <subfield code="a">GEN</subfield>
  </datafield>
  <datafield tag="099" ind1=" " ind2=" ">
    <subfield code="a">UNH</subfield>
    <subfield code="b">DHU</subfield>
  </datafield>
  <datafield tag="191" ind1=" " ind2=" ">
    <subfield code="a">S/1999/262</subfield>
    <subfield code="b">S/</subfield>
    <subfield code="c">54</subfield>
    <subfield code="9">X10</subfield>
    <subfield code="q">S1999262</subfield>
    <subfield code="r">S54</subfield>
    <subfield code="0">(DHLAUTH)527166</subfield>
  </datafield>
  <datafield tag="239" ind1="1" ind2="0">
    <subfield code="a">Draft resolution [on extension of the mandate of the UN Observer Mission in Sierra Leone (UNOMSIL)]</subfield>
  </datafield>
  <datafield tag="245" ind1="0" ind2="0">
    <subfield code="a">Draft resolution</subfield>
  </datafield>
  <datafield tag="249" ind1=" " ind2=" ">
    <subfield code="a">Draft resolution on extension of the mandate of the UN Observer Mission in Sierra Leone</subfield>
  </datafield>
  <datafield tag="260" ind1=" " ind2=" ">
    <subfield code="a">[New York] :</subfield>
    <subfield code="b">UN,</subfield>
    <subfield code="c">11 Mar. 1999</subfield>
  </datafield>
  <datafield tag="269" ind1=" " ind2=" ">
    <subfield code="a">1999-03-11</subfield>
  </datafield>
  <datafield tag="300" ind1=" " ind2=" ">
    <subfield code="a">2 p.</subfield>
  </datafield>
  <datafield tag="500" ind1=" " ind2=" ">
    <subfield code="a">Concerns extension of the mandate of the UN Observer Mission in Sierra Leone (UNOMSIL).</subfield>
  </datafield>
  <datafield tag="610" ind1="2" ind2="7">
    <subfield code="a">Economic Community of West African States. Military Observer Group</subfield>
    <subfield code="0">(DHLAUTH)224702</subfield>
  </datafield>
  <datafield tag="610" ind1="2" ind2="7">
    <subfield code="a">UN Observer Mission in Sierra Leone</subfield>
    <subfield code="2">unbisn</subfield>
    <subfield code="0">(DHLAUTH)506350</subfield>
  </datafield>
  <datafield tag="610" ind1="2" ind2="7">
    <subfield code="a">UN. Special Representative of the Secretary-General for Sierra Leone</subfield>
    <subfield code="2">unbisn</subfield>
    <subfield code="0">(DHLAUTH)514116</subfield>
  </datafield>
  <datafield tag="650" ind1="0" ind2="7">
    <subfield code="a">PEACEKEEPING OPERATIONS</subfield>
    <subfield code="0">(DHLAUTH)474428</subfield>
  </datafield>
  <datafield tag="650" ind1="0" ind2="7">
    <subfield code="a">ARMED INCIDENTS</subfield>
    <subfield code="2">unbist</subfield>
    <subfield code="0">(DHLAUTH)268830</subfield>
  </datafield>
  <datafield tag="650" ind1="0" ind2="7">
    <subfield code="a">INTERNAL SECURITY</subfield>
    <subfield code="0">(DHLAUTH)268398</subfield>
  </datafield>
  <datafield tag="650" ind1="0" ind2="7">
    <subfield code="a">HUMANITARIAN ASSISTANCE</subfield>
    <subfield code="0">(DHLAUTH)268768</subfield>
  </datafield>
  <datafield tag="650" ind1="0" ind2="7">
    <subfield code="a">WOMEN</subfield>
    <subfield code="2">unbist</subfield>
    <subfield code="0">(DHLAUTH)273032</subfield>
  </datafield>
  <datafield tag="650" ind1="0" ind2="7">
    <subfield code="a">CHILD SOLDIERS</subfield>
    <subfield code="2">unbist</subfield>
    <subfield code="0">(DHLAUTH)268841</subfield>
  </datafield>
  <datafield tag="650" ind1="0" ind2="7">
    <subfield code="a">ARMS EMBARGO</subfield>
    <subfield code="0">(DHLAUTH)268736</subfield>
  </datafield>
  <datafield tag="650" ind1="0" ind2="7">
    <subfield code="a">NEGOTIATION</subfield>
    <subfield code="2">unbist</subfield>
    <subfield code="0">(DHLAUTH)268593</subfield>
  </datafield>
  <datafield tag="650" ind1="0" ind2="7">
    <subfield code="a">ARMED FORCES</subfield>
    <subfield code="2">unbist</subfield>
    <subfield code="0">(DHLAUTH)268825</subfield>
  </datafield>
  <datafield tag="650" ind1="0" ind2="7">
    <subfield code="a">FINANCIAL ASSISTANCE</subfield>
    <subfield code="0">(DHLAUTH)270308</subfield>
  </datafield>
  <datafield tag="650" ind1="0" ind2="7">
    <subfield code="a">SIERRA LEONE</subfield>
    <subfield code="0">(DHLAUTH)273471</subfield>
  </datafield>
  <datafield tag="650" ind1="0" ind2="7">
    <subfield code="a">BOUNDARIES</subfield>
    <subfield code="2">unbist</subfield>
    <subfield code="0">(DHLAUTH)269447</subfield>
  </datafield>
  <datafield tag="650" ind1="0" ind2="7">
    <subfield code="a">LIBERIA</subfield>
    <subfield code="2">unbist</subfield>
    <subfield code="0">(DHLAUTH)273393</subfield>
  </datafield>
  <datafield tag="650" ind1="0" ind2="7">
    <subfield code="a">SIERRA LEONE</subfield>
    <subfield code="0">(DHLAUTH)273471</subfield>
  </datafield>
  <datafield tag="650" ind1="0" ind2="7">
    <subfield code="a">MILITARY PERSONNEL</subfield>
    <subfield code="0">(DHLAUTH)268838</subfield>
  </datafield>
  <datafield tag="650" ind1="0" ind2="7">
    <subfield code="a">RELIEF PERSONNEL</subfield>
    <subfield code="2">unbist</subfield>
    <subfield code="0">(DHLAUTH)276631</subfield>
  </datafield>
  <datafield tag="650" ind1="0" ind2="7">
    <subfield code="a">ARMS TRANSFERS</subfield>
    <subfield code="2">unbist</subfield>
    <subfield code="0">(DHLAUTH)268846</subfield>
  </datafield>
  <datafield tag="650" ind1="0" ind2="7">
    <subfield code="a">HUMAN RIGHTS IN ARMED CONFLICTS</subfield>
    <subfield code="2">unbist</subfield>
    <subfield code="0">(DHLAUTH)268831</subfield>
  </datafield>
  <datafield tag="650" ind1="0" ind2="7">
    <subfield code="a">HUMAN RIGHTS VIOLATIONS</subfield>
    <subfield code="2">unbist</subfield>
    <subfield code="0">(DHLAUTH)274435</subfield>
  </datafield>
  <datafield tag="650" ind1="0" ind2="7">
    <subfield code="a">MERCENARIES</subfield>
    <subfield code="2">unbist</subfield>
    <subfield code="0">(DHLAUTH)268837</subfield>
  </datafield>
  <datafield tag="856" ind1="4" ind2=" ">
    <subfield code="y">العربية</subfield>
    <subfield code="9">7b5bdc05-3bc3-452a-976f-a6a74bdae54f</subfield>
    <subfield code="s">63023</subfield>
    <subfield code="u">https://digitallibrary.un.org/record/1488603/files/S_1999_262-AR.pdf</subfield>
  </datafield>
  <datafield tag="856" ind1="4" ind2=" ">
    <subfield code="y">English</subfield>
    <subfield code="9">27f1ece0-fa30-4db5-932c-161087a134c9</subfield>
    <subfield code="s">13273</subfield>
    <subfield code="u">https://digitallibrary.un.org/record/1488603/files/S_1999_262-EN.pdf</subfield>
  </datafield>
  <datafield tag="856" ind1="4" ind2=" ">
    <subfield code="y">Español</subfield>
    <subfield code="9">1dced93c-6866-4200-8d59-219ff6e5da80</subfield>
    <subfield code="s">14358</subfield>
    <subfield code="u">https://digitallibrary.un.org/record/1488603/files/S_1999_262-ES.pdf</subfield>
  </datafield>
  <datafield tag="856" ind1="4" ind2=" ">
    <subfield code="y">Français</subfield>
    <subfield code="9">e34dff11-20c7-43a7-87a2-32921b0ba4c0</subfield>
    <subfield code="s">14600</subfield>
    <subfield code="u">https://digitallibrary.un.org/record/1488603/files/S_1999_262-FR.pdf</subfield>
  </datafield>
  <datafield tag="856" ind1="4" ind2=" ">
    <subfield code="y">Русский</subfield>
    <subfield code="9">cdb5d736-b626-4cb3-a314-581002ec05e0</subfield>
    <subfield code="s">43040</subfield>
    <subfield code="u">https://digitallibrary.un.org/record/1488603/files/S_1999_262-RU.pdf</subfield>
  </datafield>
  <datafield tag="856" ind1="4" ind2=" ">
    <subfield code="y">中文</subfield>
    <subfield code="9">a56352a2-1448-4764-ab61-07828c64a278</subfield>
    <subfield code="s">112258</subfield>
    <subfield code="u">https://digitallibrary.un.org/record/1488603/files/S_1999_262-ZH.pdf</subfield>
  </datafield>
  <datafield tag="930" ind1=" " ind2=" ">
    <subfield code="a">UNDMA99</subfield>
  </datafield>
  <datafield tag="930" ind1=" " ind2=" ">
    <subfield code="a">UDIQA99</subfield>
  </datafield>
  <datafield tag="930" ind1=" " ind2=" ">
    <subfield code="a">UPDQ499</subfield>
  </datafield>
  <datafield tag="980" ind1=" " ind2=" ">
    <subfield code="a">BIB</subfield>
  </datafield>
  <datafield tag="981" ind1=" " ind2=" ">
    <subfield code="a">Security Council</subfield>
  </datafield>
  <datafield tag="989" ind1=" " ind2=" ">
    <subfield code="a">Documents and Publications</subfield>
    <subfield code="b">Draft Resolutions and Decisions</subfield>
  </datafield>
  <datafield tag="991" ind1="3" ind2=" ">
    <subfield code="a">S/54</subfield>
    <subfield code="b">[170]</subfield>
    <subfield code="d">UN OBSERVER MISSION IN SIERRA LEONE</subfield>
    <subfield code="z">I0135905</subfield>
    <subfield code="0">(DHLAUTH)527067</subfield>
  </datafield>
  <datafield tag="991" ind1="3" ind2=" ">
    <subfield code="a">S/54</subfield>
    <subfield code="b">[171]</subfield>
    <subfield code="d">SIERRA LEONE--POLITICAL CONDITIONS</subfield>
    <subfield code="z">I0135905</subfield>
    <subfield code="0">(DHLAUTH)527068</subfield>
  </datafield>
  <datafield tag="993" ind1="1" ind2=" ">
    <subfield code="a">S/RES/1231(1999)</subfield>
  </datafield>
  <datafield tag="998" ind1=" " ind2=" ">
    <subfield code="a">19990315000000</subfield>
    <subfield code="b">nmcs</subfield>
    <subfield code="c">20210412154000</subfield>
    <subfield code="d">mocat</subfield>
    <subfield code="x">0x00010000c326b655</subfield>
    <subfield code="z">20210413110720</subfield>
  </datafield>
  <datafield tag="999" ind1=" " ind2=" ">
    <subfield code="a">pg</subfield>
    <subfield code="b">19990317</subfield>
    <subfield code="c">r</subfield>
  </datafield>
  <datafield tag="999" ind1=" " ind2=" ">
    <subfield code="a">jm</subfield>
    <subfield code="b">19990315</subfield>
    <subfield code="c">c</subfield>
  </datafield>
  <datafield tag="999" ind1=" " ind2=" ">
    <subfield code="a">nm</subfield>
    <subfield code="b">19990315</subfield>
    <subfield code="c">q</subfield>
  </datafield>
  <datafield tag="999" ind1=" " ind2=" ">
    <subfield code="a">TA</subfield>
    <subfield code="b">19990315</subfield>
    <subfield code="c">r</subfield>
  </datafield>
  <datafield tag="999" ind1=" " ind2=" ">
    <subfield code="a">mou20210412</subfield>
    <subfield code="b">20210412</subfield>
    <subfield code="c">u</subfield>
  </datafield>
</record>