
    <record>
        <controlfield tag="000">00000nam a2200025#a 4500</controlfield>
        <controlfield tag="001">3980752</controlfield>
        <controlfield tag="005">20220719135418.0</controlfield>
        <controlfield tag="008">220715s2022    usa    #r     |||1| eng d</controlfield>
        <datafield tag="029" ind1=" " ind2=" ">
            <subfield code="a">JN</subfield>
            <subfield code="b">N2210979 E</subfield>
        </datafield>
        <datafield tag="035" ind1=" " ind2=" ">
            <subfield code="a">(DHL)1348202</subfield>
        </datafield>
        <datafield tag="039" ind1=" " ind2=" ">
            <subfield code="a">DHU</subfield>
        </datafield>
        <datafield tag="040" ind1=" " ind2=" ">
            <subfield code="a">NNUN</subfield>
            <subfield code="b">eng</subfield>
        </datafield>
        <datafield tag="041" ind1=" " ind2=" ">
            <subfield code="a">eng</subfield>
        </datafield>
        <datafield tag="049" ind1=" " ind2=" ">
            <subfield code="a">usa</subfield>
        </datafield>
        <datafield tag="089" ind1=" " ind2=" ">
            <subfield code="b">B17</subfield>
        </datafield>
        <datafield tag="091" ind1=" " ind2=" ">
            <subfield code="a">GEN</subfield>
        </datafield>
        <datafield tag="099" ind1=" " ind2=" ">
            <subfield code="a">UNH</subfield>
            <subfield code="b">DHU</subfield>
        </datafield>
        <datafield tag="191" ind1=" " ind2=" ">
            <subfield code="a">S/PRST/2022/5</subfield>
            <subfield code="b">S/</subfield>
            <subfield code="c">77</subfield>
            <subfield code="9">X15</subfield>
            <subfield code="0">(DHLAUTH)926023</subfield>
        </datafield>
        <datafield tag="239" ind1="1" ind2="0">
            <subfield code="a">Statement [made on behalf of the Security Council, at the 9090th meeting, 12 July 2022, in connection with the Council's consideration of the item entitled "United Nations peacekeeping operations"]</subfield>
        </datafield>
        <datafield tag="245" ind1="0" ind2="0">
            <subfield code="a">Statement /</subfield>
            <subfield code="c">by the President of the Security Council</subfield>
        </datafield>
        <datafield tag="260" ind1=" " ind2=" ">
            <subfield code="a">[New York] :</subfield>
            <subfield code="b">UN,</subfield>
            <subfield code="c">12 July 2022</subfield>
        </datafield>
        <datafield tag="269" ind1=" " ind2=" ">
            <subfield code="a">2022-07-12</subfield>
        </datafield>
        <datafield tag="300" ind1=" " ind2=" ">
            <subfield code="a">4 p.</subfield>
        </datafield>
        <datafield tag="630" ind1="0" ind2="7">
            <subfield code="a">Action for Peacekeeping (A4P)</subfield>
            <subfield code="2">unbisn</subfield>
            <subfield code="0">(DHLAUTH)915570</subfield>
        </datafield>
        <datafield tag="650" ind1="1" ind2="7">
            <subfield code="2">unbist</subfield>
            <subfield code="a">PUBLIC INFORMATION</subfield>
            <subfield code="0">(DHLAUTH)268517</subfield>
        </datafield>
        <datafield tag="650" ind1="1" ind2="7">
            <subfield code="2">unbist</subfield>
            <subfield code="a">INFORMATION DISSEMINATION</subfield>
            <subfield code="0">(DHLAUTH)275051</subfield>
        </datafield>
        <datafield tag="650" ind1="1" ind2="7">
            <subfield code="2">unbist</subfield>
            <subfield code="a">PEACEKEEPING OPERATIONS</subfield>
            <subfield code="0">(DHLAUTH)474428</subfield>
        </datafield>
        <datafield tag="650" ind1="1" ind2="7">
            <subfield code="2">unbist</subfield>
            <subfield code="a">PROTECTION OF CIVILIANS IN PEACEKEEPING OPERATIONS</subfield>
            <subfield code="0">(DHLAUTH)878354</subfield>
        </datafield>
        <datafield tag="650" ind1="1" ind2="7">
            <subfield code="2">unbist</subfield>
            <subfield code="a">WOMEN IN ARMED CONFLICTS</subfield>
            <subfield code="0">(DHLAUTH)652111</subfield>
        </datafield>
        <datafield tag="650" ind1="1" ind2="7">
            <subfield code="2">unbist</subfield>
            <subfield code="a">SECURITY MANAGEMENT</subfield>
            <subfield code="0">(DHLAUTH)594303</subfield>
        </datafield>
        <datafield tag="710" ind1="2" ind2=" ">
            <subfield code="a">UN. Security Council. President</subfield>
            <subfield code="0">(DHLAUTH)74169</subfield>
        </datafield>
        <datafield tag="856" ind1="4" ind2=" ">
            <subfield code="y">العربية</subfield>
            <subfield code="9">2eaa7a96-eb22-4fa3-a143-a8b28c5951da</subfield>
            <subfield code="s">189237</subfield>
            <subfield code="u">https://digitallibrary.un.org/record/3980752/files/S_PRST_2022_5-AR.pdf</subfield>
        </datafield>
        <datafield tag="856" ind1="4" ind2=" ">
            <subfield code="y">中文</subfield>
            <subfield code="9">f4f2aa5a-391b-40f4-a9da-733d867d676f</subfield>
            <subfield code="s">209466</subfield>
            <subfield code="u">https://digitallibrary.un.org/record/3980752/files/S_PRST_2022_5-ZH.pdf</subfield>
        </datafield>
        <datafield tag="856" ind1="4" ind2=" ">
            <subfield code="y">English</subfield>
            <subfield code="9">044a2201-7212-4124-a4a0-ce5feb9a74c6</subfield>
            <subfield code="s">140469</subfield>
            <subfield code="u">https://digitallibrary.un.org/record/3980752/files/S_PRST_2022_5-EN.pdf</subfield>
        </datafield>
        <datafield tag="856" ind1="4" ind2=" ">
            <subfield code="y">Français</subfield>
            <subfield code="9">95a74d67-531f-43a3-aecf-4306f77990dc</subfield>
            <subfield code="s">140730</subfield>
            <subfield code="u">https://digitallibrary.un.org/record/3980752/files/S_PRST_2022_5-FR.pdf</subfield>
        </datafield>
        <datafield tag="856" ind1="4" ind2=" ">
            <subfield code="y">Русский</subfield>
            <subfield code="9">acab3f36-3720-443b-9f4f-a605e0a5c3b6</subfield>
            <subfield code="s">159088</subfield>
            <subfield code="u">https://digitallibrary.un.org/record/3980752/files/S_PRST_2022_5-RU.pdf</subfield>
        </datafield>
        <datafield tag="856" ind1="4" ind2=" ">
            <subfield code="y">Español</subfield>
            <subfield code="9">5281f447-7d42-451a-8ba8-8ac72c49a26d</subfield>
            <subfield code="s">141267</subfield>
            <subfield code="u">https://digitallibrary.un.org/record/3980752/files/S_PRST_2022_5-ES.pdf</subfield>
        </datafield>
        <datafield tag="856" ind1="4" ind2=" ">
            <subfield code="y">Other</subfield>
            <subfield code="9">f08de4ee-73dc-424d-bc5f-cbd0d295edb1</subfield>
            <subfield code="s">152525</subfield>
            <subfield code="u">https://digitallibrary.un.org/record/3980752/files/S_PRST_2022_5-DE.pdf</subfield>
        </datafield>
        <datafield tag="930" ind1=" " ind2=" ">
            <subfield code="a">UNDJL22</subfield>
        </datafield>
        <datafield tag="980" ind1=" " ind2=" ">
            <subfield code="a">BIB</subfield>
        </datafield>
        <datafield tag="981" ind1=" " ind2=" ">
            <subfield code="a">Security Council</subfield>
        </datafield>
        <datafield tag="989" ind1=" " ind2=" ">
            <subfield code="a">Documents and Publications</subfield>
            <subfield code="b">Resolutions and Decisions</subfield>
            <subfield code="c">Presidential Statements</subfield>
        </datafield>
        <datafield tag="991" ind1="3" ind2=" ">
            <subfield code="a">S/77</subfield>
            <subfield code="b">[18]</subfield>
            <subfield code="d">PEACEKEEPING OPERATIONS</subfield>
            <subfield code="z">I</subfield>
            <subfield code="0">(DHLAUTH)926042</subfield>
        </datafield>
        <datafield tag="991" ind1="3" ind2=" ">
            <subfield code="a">S/</subfield>
            <subfield code="b">X</subfield>
            <subfield code="c">United Nations peacekeeping operations.</subfield>
            <subfield code="0">(DHLAUTH)922106</subfield>
        </datafield>
        <datafield tag="993" ind1="4" ind2=" ">
            <subfield code="a">S/PV.9090</subfield>
        </datafield>
        <datafield tag="998" ind1=" " ind2=" ">
            <subfield code="a">20220715082500</subfield>
            <subfield code="b">mmcat22</subfield>
            <subfield code="c">20220718090600</subfield>
            <subfield code="d">vvcat</subfield>
            <subfield code="x">0x00010000c7777075</subfield>
            <subfield code="z">20220719161836</subfield>
        </datafield>
        <datafield tag="999" ind1=" " ind2=" ">
            <subfield code="a">mmq20220715</subfield>
            <subfield code="b">20220715</subfield>
            <subfield code="c">q</subfield>
        </datafield>
        <datafield tag="999" ind1=" " ind2=" ">
            <subfield code="a">arc20220715</subfield>
            <subfield code="b">20220715</subfield>
            <subfield code="c">c</subfield>
        </datafield>
        <datafield tag="999" ind1=" " ind2=" ">
            <subfield code="a">vwt20220715</subfield>
            <subfield code="b">20220715</subfield>
            <subfield code="c">t</subfield>
        </datafield>
        <datafield tag="999" ind1=" " ind2=" ">
            <subfield code="a">vvr20220718</subfield>
            <subfield code="b">20220718</subfield>
            <subfield code="c">r</subfield>
        </datafield>
    </record>