
<record>
  <controlfield tag="000">00433nam\\2200205#a\4500</controlfield>
  <controlfield tag="001">542998</controlfield>
  <controlfield tag="005">20191031113554.0</controlfield>
  <controlfield tag="008">050309c2005\\\\usa\\\\#r\\\\\00010\eng\d</controlfield>
  <datafield tag="029" ind1=" " ind2=" ">
    <subfield code="a">JN</subfield>
    <subfield code="b">N0525673 E</subfield>
  </datafield>
  <datafield tag="035" ind1=" " ind2=" ">
    <subfield code="a">D768493X</subfield>
    <subfield code="z">D0317214</subfield>
  </datafield>
  <datafield tag="035" ind1=" " ind2=" ">
    <subfield code="a">(DHL)768493</subfield>
  </datafield>
  <datafield tag="039" ind1=" " ind2=" ">
    <subfield code="a">DHU</subfield>
  </datafield>
  <datafield tag="040" ind1=" " ind2=" ">
    <subfield code="a">NNUN</subfield>
    <subfield code="b">eng</subfield>
  </datafield>
  <datafield tag="041" ind1=" " ind2=" ">
    <subfield code="a">arachiengfrerusspa</subfield>
  </datafield>
  <datafield tag="049" ind1=" " ind2=" ">
    <subfield code="a">usa</subfield>
  </datafield>
  <datafield tag="089" ind1=" " ind2=" ">
    <subfield code="b">B02</subfield>
  </datafield>
  <datafield tag="091" ind1=" " ind2=" ">
    <subfield code="a">LTD</subfield>
  </datafield>
  <datafield tag="099" ind1=" " ind2=" ">
    <subfield code="a">UNH</subfield>
    <subfield code="b">DHU</subfield>
  </datafield>
  <datafield tag="191" ind1=" " ind2=" ">
    <subfield code="0">1158130</subfield>
    <subfield code="a">E/CN.6/2005/L.3</subfield>
    <subfield code="b">E/CN.6/</subfield>
    <subfield code="c">49</subfield>
    <subfield code="f">4.1731</subfield>
    <subfield code="q">ECN62005L3</subfield>
    <subfield code="r">ECN649</subfield>
  </datafield>
  <datafield tag="245" ind1="1" ind2="0">
    <subfield code="a">Reducing demand for trafficked women and girls :</subfield>
    <subfield code="b">draft resolution /</subfield>
    <subfield code="c">United States of America</subfield>
  </datafield>
  <datafield tag="260" ind1=" " ind2=" ">
    <subfield code="a">[New York] :</subfield>
    <subfield code="b">UN,</subfield>
    <subfield code="c">4 Mar. 2005</subfield>
  </datafield>
  <datafield tag="269" ind1=" " ind2=" ">
    <subfield code="a">2005-03-04</subfield>
  </datafield>
  <datafield tag="300" ind1=" " ind2=" ">
    <subfield code="a">2 p.</subfield>
  </datafield>
  <datafield tag="650" ind1="1" ind2="7">
    <subfield code="0">1280146</subfield>
    <subfield code="2">unbist</subfield>
    <subfield code="a">WOMEN</subfield>
  </datafield>
  <datafield tag="650" ind1="1" ind2="7">
    <subfield code="0">1280086</subfield>
    <subfield code="2">unbist</subfield>
    <subfield code="a">GIRLS</subfield>
  </datafield>
  <datafield tag="650" ind1="1" ind2="7">
    <subfield code="0">1284645</subfield>
    <subfield code="2">unbist</subfield>
    <subfield code="a">TRAFFICKING IN PERSONS</subfield>
  </datafield>
  <datafield tag="650" ind1="1" ind2="7">
    <subfield code="0">1281052</subfield>
    <subfield code="2">unbist</subfield>
    <subfield code="a">HUMAN RIGHTS</subfield>
  </datafield>
  <datafield tag="650" ind1="2" ind2="7">
    <subfield code="0">1282550</subfield>
    <subfield code="2">unbist</subfield>
    <subfield code="a">LAWS AND REGULATIONS</subfield>
  </datafield>
  <datafield tag="650" ind1="2" ind2="7">
    <subfield code="0">1283056</subfield>
    <subfield code="2">unbist</subfield>
    <subfield code="a">SIGNATURES, ACCESSIONS, RATIFICATIONS</subfield>
  </datafield>
  <datafield tag="650" ind1="2" ind2="7">
    <subfield code="0">1278279</subfield>
    <subfield code="2">unbist</subfield>
    <subfield code="a">TREATIES</subfield>
  </datafield>
  <datafield tag="650" ind1="2" ind2="7">
    <subfield code="0">1284423</subfield>
    <subfield code="2">unbist</subfield>
    <subfield code="a">CIVIL SOCIETY</subfield>
  </datafield>
  <datafield tag="650" ind1="2" ind2="7">
    <subfield code="0">1281611</subfield>
    <subfield code="2">unbist</subfield>
    <subfield code="a">PUBLIC INFORMATION</subfield>
  </datafield>
  <datafield tag="650" ind1="2" ind2="7">
    <subfield code="0">1283987</subfield>
    <subfield code="2">unbist</subfield>
    <subfield code="a">EDUCATIONAL PROGRAMMES</subfield>
  </datafield>
  <datafield tag="650" ind1="2" ind2="7">
    <subfield code="0">1281159</subfield>
    <subfield code="2">unbist</subfield>
    <subfield code="a">PROSTITUTION</subfield>
  </datafield>
  <datafield tag="650" ind1="2" ind2="7">
    <subfield code="0">1284229</subfield>
    <subfield code="2">unbist</subfield>
    <subfield code="a">SEX TOURISM</subfield>
  </datafield>
  <datafield tag="650" ind1="2" ind2="7">
    <subfield code="0">1282847</subfield>
    <subfield code="2">unbist</subfield>
    <subfield code="a">CODES OF CONDUCT</subfield>
  </datafield>
  <datafield tag="650" ind1="2" ind2="7">
    <subfield code="0">1277954</subfield>
    <subfield code="2">unbist</subfield>
    <subfield code="a">PEACEKEEPING OPERATIONS</subfield>
  </datafield>
  <datafield tag="710" ind1="2" ind2=" ">
    <subfield code="0">866632</subfield>
    <subfield code="9">ms</subfield>
    <subfield code="a">United States</subfield>
  </datafield>
  <datafield tag="856" ind1="4" ind2=" ">
    <subfield code="s">102518</subfield>
    <subfield code="u">http://digitallibrary.un.org/record/542998/files/E_CN.6_2005_L.3-AR.pdf</subfield>
    <subfield code="y">العربية</subfield>
  </datafield>
  <datafield tag="856" ind1="4" ind2=" ">
    <subfield code="s">157832</subfield>
    <subfield code="u">http://digitallibrary.un.org/record/542998/files/E_CN.6_2005_L.3-ZH.pdf</subfield>
    <subfield code="y">中文</subfield>
  </datafield>
  <datafield tag="856" ind1="4" ind2=" ">
    <subfield code="s">27589</subfield>
    <subfield code="u">http://digitallibrary.un.org/record/542998/files/E_CN.6_2005_L.3-EN.pdf</subfield>
    <subfield code="y">English</subfield>
  </datafield>
  <datafield tag="856" ind1="4" ind2=" ">
    <subfield code="s">37194</subfield>
    <subfield code="u">http://digitallibrary.un.org/record/542998/files/E_CN.6_2005_L.3-FR.pdf</subfield>
    <subfield code="y">Français</subfield>
  </datafield>
  <datafield tag="856" ind1="4" ind2=" ">
    <subfield code="s">152181</subfield>
    <subfield code="u">http://digitallibrary.un.org/record/542998/files/E_CN.6_2005_L.3-RU.pdf</subfield>
    <subfield code="y">Русский</subfield>
  </datafield>
  <datafield tag="856" ind1="4" ind2=" ">
    <subfield code="s">111883</subfield>
    <subfield code="u">http://digitallibrary.un.org/record/542998/files/E_CN.6_2005_L.3-ES.pdf</subfield>
    <subfield code="y">Español</subfield>
  </datafield>
  <datafield tag="930" ind1=" " ind2=" ">
    <subfield code="a">UNDMA05</subfield>
  </datafield>
  <datafield tag="930" ind1=" " ind2=" ">
    <subfield code="a">UDIQ404</subfield>
    <subfield code="b">4.1731</subfield>
  </datafield>
  <datafield tag="949" ind1=" " ind2=" ">
    <subfield code="9">E/CN.6/2005/L.3</subfield>
    <subfield code="b">10000007684931</subfield>
    <subfield code="c">c. 1</subfield>
    <subfield code="d">20050308190000</subfield>
    <subfield code="i">1283187</subfield>
    <subfield code="k">unes</subfield>
    <subfield code="l">DHL</subfield>
    <subfield code="m">14day</subfield>
    <subfield code="z">t</subfield>
  </datafield>
  <datafield tag="949" ind1=" " ind2=" ">
    <subfield code="9">E/CN.6/2005/L.3</subfield>
    <subfield code="b">1283190.3.1</subfield>
    <subfield code="c">c. 1</subfield>
    <subfield code="d">20050308190000</subfield>
    <subfield code="i">1283190</subfield>
    <subfield code="k">unrs</subfield>
    <subfield code="l">DHL</subfield>
    <subfield code="m">14day</subfield>
    <subfield code="z">t</subfield>
  </datafield>
  <datafield tag="949" ind1=" " ind2=" ">
    <subfield code="9">E/CN.6/2005/L.3</subfield>
    <subfield code="b">1283188.1.1</subfield>
    <subfield code="c">c. 1</subfield>
    <subfield code="d">20050308190000</subfield>
    <subfield code="i">1283188</subfield>
    <subfield code="k">unfs</subfield>
    <subfield code="l">DHL</subfield>
    <subfield code="m">14day</subfield>
    <subfield code="z">t</subfield>
  </datafield>
  <datafield tag="949" ind1=" " ind2=" ">
    <subfield code="9">E/CN.6/2005/L.3</subfield>
    <subfield code="b">1283191.4.1</subfield>
    <subfield code="c">c. 1</subfield>
    <subfield code="d">20050308190000</subfield>
    <subfield code="i">1283191</subfield>
    <subfield code="k">unas</subfield>
    <subfield code="l">DHL</subfield>
    <subfield code="m">14day</subfield>
    <subfield code="z">t</subfield>
  </datafield>
  <datafield tag="949" ind1=" " ind2=" ">
    <subfield code="9">E/CN.6/2005/L.3</subfield>
    <subfield code="b">1283189.2.1</subfield>
    <subfield code="c">c. 1</subfield>
    <subfield code="d">20050308190000</subfield>
    <subfield code="i">1283189</subfield>
    <subfield code="k">unss</subfield>
    <subfield code="l">DHL</subfield>
    <subfield code="m">14day</subfield>
    <subfield code="z">t</subfield>
  </datafield>
  <datafield tag="949" ind1=" " ind2=" ">
    <subfield code="9">E/CN.6/2005/L.3</subfield>
    <subfield code="b">1283192.5.1</subfield>
    <subfield code="c">c. 1</subfield>
    <subfield code="d">20050308190000</subfield>
    <subfield code="i">1283192</subfield>
    <subfield code="k">uncs</subfield>
    <subfield code="l">DHL</subfield>
    <subfield code="m">14day</subfield>
    <subfield code="z">t</subfield>
  </datafield>
  <datafield tag="980" ind1=" " ind2=" ">
    <subfield code="a">BIB</subfield>
  </datafield>
  <datafield tag="981" ind1=" " ind2=" ">
    <subfield code="a">Economic and Social Council</subfield>
  </datafield>
  <datafield tag="989" ind1=" " ind2=" ">
    <subfield code="a">Documents and Publications</subfield>
    <subfield code="b">Draft Resolutions and Decisions</subfield>
  </datafield>
  <datafield tag="991" ind1=" " ind2=" ">
    <subfield code="a">E/CN.6/2005/1</subfield>
    <subfield code="b">3</subfield>
    <subfield code="c">Follow-up to the 4th World Conference on Women and to the special session of the General Assembly entitled "Women 2000: gender equality, development and peace for the 21st century".</subfield>
    <subfield code="0">(DHLAUTH)681653</subfield>
  </datafield>
  <datafield tag="998" ind1=" " ind2=" ">
    <subfield code="a">20050309100800</subfield>
    <subfield code="b">nmcs</subfield>
    <subfield code="c">20160728064800</subfield>
    <subfield code="d">shkcat</subfield>
  </datafield>
  <datafield tag="999" ind1=" " ind2=" ">
    <subfield code="a">lcp20050321</subfield>
    <subfield code="b">20050321</subfield>
    <subfield code="c">p</subfield>
  </datafield>
  <datafield tag="999" ind1=" " ind2=" ">
    <subfield code="a">nmq20050309</subfield>
    <subfield code="b">20050309</subfield>
    <subfield code="c">q</subfield>
  </datafield>
  <datafield tag="999" ind1=" " ind2=" ">
    <subfield code="a">msc20050328</subfield>
    <subfield code="b">20050328</subfield>
    <subfield code="c">c</subfield>
  </datafield>
  <datafield tag="999" ind1=" " ind2=" ">
    <subfield code="a">TAr20050407</subfield>
    <subfield code="b">20050407</subfield>
    <subfield code="c">r</subfield>
  </datafield>
</record>