
<record>
  <controlfield tag="000">01481cam  2200409#  4500</controlfield>
  <controlfield tag="001">251697</controlfield>
  <controlfield tag="005">20191105153608.0</controlfield>
  <controlfield tag="008">980324s1998    usa     r           eng u</controlfield>
  <datafield tag="029" ind1=" " ind2=" ">
    <subfield code="a">JN</subfield>
    <subfield code="b">N9805661 E</subfield>
  </datafield>
  <datafield tag="035" ind1=" " ind2=" ">
    <subfield code="a">D436273X</subfield>
    <subfield code="z">D0220315</subfield>
  </datafield>
  <datafield tag="035" ind1=" " ind2=" ">
    <subfield code="a">(DHL)436273</subfield>
  </datafield>
  <datafield tag="039" ind1=" " ind2=" ">
    <subfield code="a">DHU</subfield>
  </datafield>
  <datafield tag="040" ind1=" " ind2=" ">
    <subfield code="a">NNUN</subfield>
    <subfield code="b">eng</subfield>
  </datafield>
  <datafield tag="041" ind1=" " ind2=" ">
    <subfield code="a">arachiengfrerusspa</subfield>
  </datafield>
  <datafield tag="049" ind1=" " ind2=" ">
    <subfield code="a">usa</subfield>
  </datafield>
  <datafield tag="089" ind1=" " ind2=" ">
    <subfield code="b">B02</subfield>
  </datafield>
  <datafield tag="091" ind1=" " ind2=" ">
    <subfield code="a">PAR</subfield>
  </datafield>
  <datafield tag="099" ind1=" " ind2=" ">
    <subfield code="a">UNH</subfield>
    <subfield code="b">DHU</subfield>
  </datafield>
  <datafield tag="191" ind1=" " ind2=" ">
    <subfield code="a">E/CN.6/1998/CRP.4</subfield>
    <subfield code="b">E/CN.6/</subfield>
    <subfield code="c">42</subfield>
    <subfield code="q">ECN61998CRP4</subfield>
    <subfield code="r">ECN642</subfield>
    <subfield code="0">480918</subfield>
  </datafield>
  <datafield tag="239" ind1="1" ind2="0">
    <subfield code="a">Follow-up to the 4th World Conference on Women :#implementation of strategic objectives and action in the critical areas of concern : draft conclusions</subfield>
  </datafield>
  <datafield tag="245" ind1="0" ind2="0">
    <subfield code="a">Draft conclusions /</subfield>
    <subfield code="c">submitted by the moderator (Karam Fadi Habib) of the panel discussion on women and armed conflict.</subfield>
  </datafield>
  <datafield tag="260" ind1=" " ind2=" ">
    <subfield code="a">[New York] :</subfield>
    <subfield code="b">UN,</subfield>
    <subfield code="c">6 Mar. 1998.</subfield>
  </datafield>
  <datafield tag="269" ind1=" " ind2=" ">
    <subfield code="a">1998-03-06</subfield>
  </datafield>
  <datafield tag="300" ind1=" " ind2=" ">
    <subfield code="a">3 p.</subfield>
  </datafield>
  <datafield tag="630" ind1="0" ind2="7">
    <subfield code="a">Platform for Action of the Fourth World Conference on Women (1995)</subfield>
    <subfield code="0">288145</subfield>
  </datafield>
  <datafield tag="650" ind1="0" ind2="7">
    <subfield code="a">MINE CLEARANCE</subfield>
    <subfield code="2">unbist</subfield>
    <subfield code="0">270827</subfield>
  </datafield>
  <datafield tag="650" ind1="0" ind2="4">
    <subfield code="a">SMALL ARMS</subfield>
    <subfield code="0">476624</subfield>
  </datafield>
  <datafield tag="650" ind1="0" ind2="7">
    <subfield code="a">PROGRAMMES OF ACTION</subfield>
    <subfield code="0">275777</subfield>
  </datafield>
  <datafield tag="650" ind1="0" ind2="7">
    <subfield code="a">WOMEN'S ADVANCEMENT</subfield>
    <subfield code="0">273158</subfield>
  </datafield>
  <datafield tag="650" ind1="0" ind2="7">
    <subfield code="a">ARMED CONFLICTS</subfield>
    <subfield code="0">268752</subfield>
  </datafield>
  <datafield tag="650" ind1="0" ind2="7">
    <subfield code="a">LANDMINES</subfield>
    <subfield code="0">462237</subfield>
  </datafield>
  <datafield tag="650" ind1="0" ind2="7">
    <subfield code="a">PEACEKEEPING OPERATIONS</subfield>
    <subfield code="0">474428</subfield>
  </datafield>
  <datafield tag="650" ind1="0" ind2="7">
    <subfield code="a">POPULAR PARTICIPATION</subfield>
    <subfield code="0">268478</subfield>
  </datafield>
  <datafield tag="650" ind1="0" ind2="7">
    <subfield code="a">HUMAN RIGHTS EDUCATION</subfield>
    <subfield code="0">274172</subfield>
  </datafield>
  <datafield tag="700" ind1="1" ind2="0">
    <subfield code="a">Habib, Karam Fadi.</subfield>
    <subfield code="0">485918</subfield>
  </datafield>
  <datafield tag="930" ind1=" " ind2=" ">
    <subfield code="a">UNDMA98</subfield>
  </datafield>
  <datafield tag="930" ind1=" " ind2=" ">
    <subfield code="a">UPDQ499</subfield>
  </datafield>
  <datafield tag="949" ind1=" " ind2=" ">
    <subfield code="9">E/CN.6/1998/CRP.4</subfield>
    <subfield code="b">mq521127</subfield>
    <subfield code="i">521127</subfield>
    <subfield code="k">unes</subfield>
    <subfield code="l">DHL</subfield>
    <subfield code="z">i</subfield>
    <subfield code="m">vcirc</subfield>
    <subfield code="d">19980329200000</subfield>
  </datafield>
  <datafield tag="980" ind1=" " ind2=" ">
    <subfield code="a">BIB</subfield>
  </datafield>
  <datafield tag="981" ind1=" " ind2=" ">
    <subfield code="a">Economic and Social Council</subfield>
  </datafield>
  <datafield tag="989" ind1=" " ind2=" ">
    <subfield code="a">Documents and Publications</subfield>
    <subfield code="b">Draft Resolutions and Decisions</subfield>
  </datafield>
  <datafield tag="991" ind1=" " ind2=" ">
    <subfield code="a">E/CN.6/1998/1</subfield>
    <subfield code="b">3</subfield>
    <subfield code="c">Follow-up to the 4th World Conference on Women.</subfield>
    <subfield code="0">(DHLAUTH)483053</subfield>
  </datafield>
  <datafield tag="991" ind1=" " ind2=" ">
    <subfield code="a">E/CN.6/1998/1</subfield>
    <subfield code="b">3c</subfield>
    <subfield code="c">Implementation of strategic objectives and action in the critical areas of concern.</subfield>
    <subfield code="0">(DHLAUTH)483054</subfield>
  </datafield>
  <datafield tag="998" ind1=" " ind2=" ">
    <subfield code="a">19980330073800</subfield>
    <subfield code="b">dhla</subfield>
    <subfield code="c">20180327104100</subfield>
    <subfield code="d">shkcat</subfield>
    <subfield code="z">20180328142654</subfield>
  </datafield>
</record>