
<record>
  <controlfield tag="000">00637nam a22002537a 4500</controlfield>
  <controlfield tag="001">562801</controlfield>
  <controlfield tag="005">20210712182911.0</controlfield>
  <controlfield tag="008">051215c2005    usa     r     00010 eng d</controlfield>
  <datafield tag="035" ind1=" " ind2=" ">
    <subfield code="a">D791581X</subfield>
    <subfield code="z">D0325880</subfield>
  </datafield>
  <datafield tag="035" ind1=" " ind2=" ">
    <subfield code="a">(DHL)791581</subfield>
  </datafield>
  <datafield tag="039" ind1=" " ind2=" ">
    <subfield code="a">DHU</subfield>
  </datafield>
  <datafield tag="040" ind1=" " ind2=" ">
    <subfield code="a">NNUN</subfield>
    <subfield code="b">eng</subfield>
  </datafield>
  <datafield tag="041" ind1="0" ind2=" ">
    <subfield code="a">engfre</subfield>
  </datafield>
  <datafield tag="049" ind1=" " ind2=" ">
    <subfield code="a">usa</subfield>
  </datafield>
  <datafield tag="089" ind1=" " ind2=" ">
    <subfield code="b">B19</subfield>
  </datafield>
  <datafield tag="091" ind1=" " ind2=" ">
    <subfield code="a">GER</subfield>
  </datafield>
  <datafield tag="191" ind1=" " ind2=" ">
    <subfield code="a">[ST/DPI/PRESS/]DSG/SM/273</subfield>
    <subfield code="b">ST/DPI/PRESS/DSG/SM/</subfield>
    <subfield code="q">STDPIPRESSDSGSM273</subfield>
    <subfield code="r">STDPIPRESSDSGSM</subfield>
    <subfield code="0">(DHLAUTH)453434</subfield>
  </datafield>
  <datafield tag="191" ind1=" " ind2=" ">
    <subfield code="b">***</subfield>
    <subfield code="z">DSG/SM/273</subfield>
    <subfield code="q">DSGSM273</subfield>
    <subfield code="0">(DHLAUTH)325910</subfield>
  </datafield>
  <datafield tag="191" ind1=" " ind2=" ">
    <subfield code="a">[ST/DPI/PRESS/]SC/8539</subfield>
    <subfield code="b">ST/DPI/PRESS/SC/</subfield>
    <subfield code="q">STDPIPRESSSC8539</subfield>
    <subfield code="r">STDPIPRESSSC</subfield>
    <subfield code="0">(DHLAUTH)452465</subfield>
  </datafield>
  <datafield tag="191" ind1=" " ind2=" ">
    <subfield code="b">***</subfield>
    <subfield code="z">SC/8539</subfield>
    <subfield code="q">SC8539</subfield>
    <subfield code="0">(DHLAUTH)325910</subfield>
  </datafield>
  <datafield tag="191" ind1=" " ind2=" ">
    <subfield code="a">[ST/DPI/PRESS/]WOM/1523</subfield>
    <subfield code="b">ST/DPI/PRESS/WOM/</subfield>
    <subfield code="q">STDPIPRESSWOM1523</subfield>
    <subfield code="r">STDPIPRESSWOM</subfield>
    <subfield code="0">(DHLAUTH)452471</subfield>
  </datafield>
  <datafield tag="191" ind1=" " ind2=" ">
    <subfield code="b">***</subfield>
    <subfield code="z">WOM/1523</subfield>
    <subfield code="q">WOM1523</subfield>
    <subfield code="0">(DHLAUTH)325910</subfield>
  </datafield>
  <datafield tag="245" ind1="1" ind2="0">
    <subfield code="a">UN must appoint more women to senior levels in UN peace operations, Deputy Secretary-General tells Council Anniversary debate - she urges Member States to present Organization with strong candidates :</subfield>
    <subfield code="b">[remarks, at the Security Council debate on women, peace and security, New York, 27 October 2005] /</subfield>
    <subfield code="c">[by the Deputy Secretary-General]</subfield>
  </datafield>
  <datafield tag="260" ind1=" " ind2=" ">
    <subfield code="a">New York  :</subfield>
    <subfield code="b">UN Dept. of Public Information,</subfield>
    <subfield code="c">27 Oct. 2005</subfield>
  </datafield>
  <datafield tag="269" ind1=" " ind2=" ">
    <subfield code="a">2005-10-27</subfield>
  </datafield>
  <datafield tag="300" ind1=" " ind2=" ">
    <subfield code="a">2 p.</subfield>
  </datafield>
  <datafield tag="650" ind1="1" ind2="7">
    <subfield code="a">WOMEN MANAGERS</subfield>
    <subfield code="2">unbist</subfield>
    <subfield code="0">(DHLAUTH)272023</subfield>
  </datafield>
  <datafield tag="650" ind1="1" ind2="7">
    <subfield code="a">GENDER EQUALITY</subfield>
    <subfield code="2">unbist</subfield>
    <subfield code="0">(DHLAUTH)441178</subfield>
  </datafield>
  <datafield tag="650" ind1="1" ind2="7">
    <subfield code="a">WOMEN'S STATUS</subfield>
    <subfield code="2">unbist</subfield>
    <subfield code="0">(DHLAUTH)269378</subfield>
  </datafield>
  <datafield tag="650" ind1="1" ind2="7">
    <subfield code="a">PEACEKEEPING OPERATIONS</subfield>
    <subfield code="2">unbist</subfield>
    <subfield code="0">(DHLAUTH)474428</subfield>
  </datafield>
  <datafield tag="700" ind1="1" ind2=" ">
    <subfield code="a">Fréchette, Louise</subfield>
    <subfield code="0">(DHLAUTH)551109</subfield>
  </datafield>
  <datafield tag="710" ind1="2" ind2=" ">
    <subfield code="a">UN. Deputy Secretary-General</subfield>
    <subfield code="0">(DHLAUTH)480291</subfield>
  </datafield>
  <datafield tag="830" ind1="0" ind2=" ">
    <subfield code="a">UN Press Release. Deputy Secretary-General. Statement</subfield>
    <subfield code="0">(DHLAUTH)910908</subfield>
  </datafield>
  <datafield tag="856" ind1=" " ind2=" ">
    <subfield code="3">English</subfield>
    <subfield code="q">HTML</subfield>
    <subfield code="u">https://www.un.org/press/en/2005/dsgsm273.doc.htm</subfield>
  </datafield>
  <datafield tag="856" ind1=" " ind2=" ">
    <subfield code="3">Français</subfield>
    <subfield code="q">HTML</subfield>
    <subfield code="u">https://www.un.org/press/fr/2005/DSGSM273.doc.htm</subfield>
  </datafield>
  <datafield tag="930" ind1=" " ind2=" ">
    <subfield code="a">SGS</subfield>
  </datafield>
  <datafield tag="930" ind1=" " ind2=" ">
    <subfield code="a">UNDDE05</subfield>
  </datafield>
  <datafield tag="949" ind1=" " ind2=" ">
    <subfield code="9">ST/DPI/PRESS/WOM/1523</subfield>
    <subfield code="b">1346876.6.1</subfield>
    <subfield code="i">1346876</subfield>
    <subfield code="k">unfs</subfield>
    <subfield code="c">c. 1</subfield>
    <subfield code="l">DHL</subfield>
    <subfield code="z">t</subfield>
    <subfield code="m">14day</subfield>
    <subfield code="d">20051215000000</subfield>
  </datafield>
  <datafield tag="949" ind1=" " ind2=" ">
    <subfield code="9">ST/DPI/PRESS/DSG/SM/273</subfield>
    <subfield code="b">1346871.1.1</subfield>
    <subfield code="i">1346871</subfield>
    <subfield code="k">unfs</subfield>
    <subfield code="c">c. 1</subfield>
    <subfield code="l">DHL</subfield>
    <subfield code="z">t</subfield>
    <subfield code="m">14day</subfield>
    <subfield code="d">20051215000000</subfield>
  </datafield>
  <datafield tag="949" ind1=" " ind2=" ">
    <subfield code="9">ST/DPI/PRESS/WOM/1523</subfield>
    <subfield code="b">1346875.5.1</subfield>
    <subfield code="i">1346875</subfield>
    <subfield code="k">unes</subfield>
    <subfield code="c">c. 1</subfield>
    <subfield code="l">DHL</subfield>
    <subfield code="z">t</subfield>
    <subfield code="m">14day</subfield>
    <subfield code="d">20051215000000</subfield>
  </datafield>
  <datafield tag="949" ind1=" " ind2=" ">
    <subfield code="9">ST/DPI/PRESS/DSG/SM/273</subfield>
    <subfield code="b">10000007915811</subfield>
    <subfield code="i">1346870</subfield>
    <subfield code="k">unes</subfield>
    <subfield code="c">c. 1</subfield>
    <subfield code="l">DHL</subfield>
    <subfield code="z">t</subfield>
    <subfield code="m">14day</subfield>
    <subfield code="d">20051215000000</subfield>
  </datafield>
  <datafield tag="949" ind1=" " ind2=" ">
    <subfield code="9">ST/DPI/PRESS/DSG/SM/273</subfield>
    <subfield code="b">1346872.2.1</subfield>
    <subfield code="i">1346872</subfield>
    <subfield code="k">unes</subfield>
    <subfield code="c">c. 2</subfield>
    <subfield code="l">DHL</subfield>
    <subfield code="z">t</subfield>
    <subfield code="m">14day</subfield>
    <subfield code="d">20051215000000</subfield>
  </datafield>
  <datafield tag="949" ind1=" " ind2=" ">
    <subfield code="9">ST/DPI/PRESS/SC/8539</subfield>
    <subfield code="b">1346873.3.1</subfield>
    <subfield code="i">1346873</subfield>
    <subfield code="k">unes</subfield>
    <subfield code="c">c. 1</subfield>
    <subfield code="l">DHL</subfield>
    <subfield code="z">t</subfield>
    <subfield code="m">14day</subfield>
    <subfield code="d">20051215000000</subfield>
  </datafield>
  <datafield tag="949" ind1=" " ind2=" ">
    <subfield code="9">ST/DPI/PRESS/SC/8539</subfield>
    <subfield code="b">1346874.4.1</subfield>
    <subfield code="i">1346874</subfield>
    <subfield code="k">unfs</subfield>
    <subfield code="c">c. 1</subfield>
    <subfield code="l">DHL</subfield>
    <subfield code="z">t</subfield>
    <subfield code="m">14day</subfield>
    <subfield code="d">20051215000000</subfield>
  </datafield>
  <datafield tag="980" ind1=" " ind2=" ">
    <subfield code="a">BIB</subfield>
  </datafield>
  <datafield tag="981" ind1=" " ind2=" ">
    <subfield code="a">Secretariat</subfield>
  </datafield>
  <datafield tag="989" ind1=" " ind2=" ">
    <subfield code="a">Documents and Publications</subfield>
    <subfield code="b">Press Releases</subfield>
  </datafield>
  <datafield tag="998" ind1=" " ind2=" ">
    <subfield code="a">20051215104500</subfield>
    <subfield code="b">dgcat</subfield>
    <subfield code="c">20210712081600</subfield>
    <subfield code="d">sh35cat</subfield>
    <subfield code="x">0x00010000c3cabeac</subfield>
    <subfield code="z">20210712122310</subfield>
  </datafield>
  <datafield tag="999" ind1=" " ind2=" ">
    <subfield code="a">ffc20200908</subfield>
    <subfield code="b">20200908</subfield>
    <subfield code="c">c</subfield>
  </datafield>
  <datafield tag="999" ind1=" " ind2=" ">
    <subfield code="a">ttr20060113</subfield>
    <subfield code="b">20060113</subfield>
    <subfield code="c">r</subfield>
  </datafield>
  <datafield tag="999" ind1=" " ind2=" ">
    <subfield code="a">dgq20051215</subfield>
    <subfield code="b">20051215</subfield>
    <subfield code="c">q</subfield>
  </datafield>
  <datafield tag="999" ind1=" " ind2=" ">
    <subfield code="a">yllc20060111</subfield>
    <subfield code="b">20060111</subfield>
    <subfield code="c">c</subfield>
  </datafield>
</record>