
<record>
  <controlfield tag="000">01607cam\\2200457#a\4500</controlfield>
  <controlfield tag="001">265789</controlfield>
  <controlfield tag="005">20191106162346.0</controlfield>
  <controlfield tag="008">981215c1998\\\\usa\\\\\r\\\\\00010\eng\d</controlfield>
  <datafield tag="029" ind1=" " ind2=" ">
    <subfield code="a">JN</subfield>
    <subfield code="b">N9839096 E</subfield>
  </datafield>
  <datafield tag="035" ind1=" " ind2=" ">
    <subfield code="a">D457746X</subfield>
    <subfield code="z">D0231472</subfield>
  </datafield>
  <datafield tag="035" ind1=" " ind2=" ">
    <subfield code="a">(DHL)457746</subfield>
  </datafield>
  <datafield tag="039" ind1=" " ind2=" ">
    <subfield code="a">DHU</subfield>
  </datafield>
  <datafield tag="040" ind1=" " ind2=" ">
    <subfield code="a">NNUN</subfield>
    <subfield code="b">eng</subfield>
  </datafield>
  <datafield tag="041" ind1=" " ind2=" ">
    <subfield code="a">arachiengfrerusspa</subfield>
  </datafield>
  <datafield tag="049" ind1=" " ind2=" ">
    <subfield code="a">USA</subfield>
  </datafield>
  <datafield tag="089" ind1=" " ind2=" ">
    <subfield code="b">B19</subfield>
  </datafield>
  <datafield tag="091" ind1=" " ind2=" ">
    <subfield code="a">GEN</subfield>
  </datafield>
  <datafield tag="099" ind1=" " ind2=" ">
    <subfield code="a">UNH</subfield>
    <subfield code="b">DHU</subfield>
  </datafield>
  <datafield tag="191" ind1=" " ind2=" ">
    <subfield code="0">1028925</subfield>
    <subfield code="9">G01</subfield>
    <subfield code="a">A/C.5/53/47</subfield>
    <subfield code="b">A/</subfield>
    <subfield code="c">53</subfield>
    <subfield code="q">AC55347</subfield>
    <subfield code="r">A53</subfield>
  </datafield>
  <datafield tag="245" ind1="1" ind2="0">
    <subfield code="a">United Nations Political Office in Bougainville :#revised estimates under section 3, Peacekeeping operations and special missions; section 32, Staff assessment; and income section 1, Income from staff assessment</subfield>
  </datafield>
  <datafield tag="249" ind1=" " ind2=" ">
    <subfield code="a">UN Political Office in Bougainville : revised estimates under section 3, Peacekeeping operations and special missions; section 32, Staff assessment; and income section 1, Income from staff assessment</subfield>
  </datafield>
  <datafield tag="260" ind1=" " ind2=" ">
    <subfield code="a">[New York] :</subfield>
    <subfield code="b">UN,</subfield>
    <subfield code="c">11 Dec. 1998</subfield>
  </datafield>
  <datafield tag="269" ind1=" " ind2=" ">
    <subfield code="a">1998-12-11</subfield>
  </datafield>
  <datafield tag="300" ind1=" " ind2=" ">
    <subfield code="a">7 p. :</subfield>
    <subfield code="b">table</subfield>
  </datafield>
  <datafield tag="610" ind1="2" ind2="7">
    <subfield code="0">1044043</subfield>
    <subfield code="a">UN Political Office in Bougainville</subfield>
  </datafield>
  <datafield tag="610" ind1="2" ind2="4">
    <subfield code="0">1003390</subfield>
    <subfield code="a">UN</subfield>
    <subfield code="g">Budget (1998-1999)</subfield>
  </datafield>
  <datafield tag="650" ind1="0" ind2="7">
    <subfield code="0">1281028</subfield>
    <subfield code="a">CIVILIAN PERSONS</subfield>
  </datafield>
  <datafield tag="650" ind1="0" ind2="7">
    <subfield code="0">1278018</subfield>
    <subfield code="a">MILITARY PERSONNEL</subfield>
  </datafield>
  <datafield tag="650" ind1="0" ind2="7">
    <subfield code="0">1282419</subfield>
    <subfield code="a">POLITICAL CONDITIONS</subfield>
  </datafield>
  <datafield tag="650" ind1="0" ind2="7">
    <subfield code="0">1283726</subfield>
    <subfield code="2">unbist</subfield>
    <subfield code="a">COSTS</subfield>
  </datafield>
  <datafield tag="650" ind1="0" ind2="7">
    <subfield code="0">1282526</subfield>
    <subfield code="2">unbist</subfield>
    <subfield code="a">BUDGET</subfield>
  </datafield>
  <datafield tag="651" ind1="0" ind2="7">
    <subfield code="0">1282275</subfield>
    <subfield code="a">AUSTRALIA</subfield>
  </datafield>
  <datafield tag="651" ind1="0" ind2="7">
    <subfield code="0">1282279</subfield>
    <subfield code="a">FIJI</subfield>
  </datafield>
  <datafield tag="651" ind1="0" ind2="7">
    <subfield code="0">1282287</subfield>
    <subfield code="a">NEW ZEALAND</subfield>
  </datafield>
  <datafield tag="651" ind1="0" ind2="7">
    <subfield code="0">1282455</subfield>
    <subfield code="a">VANUATU</subfield>
  </datafield>
  <datafield tag="651" ind1="0" ind2="7">
    <subfield code="0">1276908</subfield>
    <subfield code="a">BOUGAINVILLE (PAPUA NEW GUINEA)</subfield>
  </datafield>
  <datafield tag="651" ind1="0" ind2="7">
    <subfield code="0">1282292</subfield>
    <subfield code="a">PAPUA NEW GUINEA</subfield>
  </datafield>
  <datafield tag="793" ind1=" " ind2=" ">
    <subfield code="a">05</subfield>
  </datafield>
  <datafield tag="856" ind1="4" ind2=" ">
    <subfield code="s">79100</subfield>
    <subfield code="u">http://digitallibrary.un.org/record/265789/files/A_C.5_53_47-AR.pdf</subfield>
    <subfield code="y">العربية</subfield>
  </datafield>
  <datafield tag="856" ind1="4" ind2=" ">
    <subfield code="s">203993</subfield>
    <subfield code="u">http://digitallibrary.un.org/record/265789/files/A_C.5_53_47-ZH.pdf</subfield>
    <subfield code="y">中文</subfield>
  </datafield>
  <datafield tag="856" ind1="4" ind2=" ">
    <subfield code="s">53385</subfield>
    <subfield code="u">http://digitallibrary.un.org/record/265789/files/A_C.5_53_47-EN.pdf</subfield>
    <subfield code="y">English</subfield>
  </datafield>
  <datafield tag="856" ind1="4" ind2=" ">
    <subfield code="s">56877</subfield>
    <subfield code="u">http://digitallibrary.un.org/record/265789/files/A_C.5_53_47-FR.pdf</subfield>
    <subfield code="y">Français</subfield>
  </datafield>
  <datafield tag="856" ind1="4" ind2=" ">
    <subfield code="s">57976</subfield>
    <subfield code="u">http://digitallibrary.un.org/record/265789/files/A_C.5_53_47-RU.pdf</subfield>
    <subfield code="y">Русский</subfield>
  </datafield>
  <datafield tag="856" ind1="4" ind2=" ">
    <subfield code="s">55165</subfield>
    <subfield code="u">http://digitallibrary.un.org/record/265789/files/A_C.5_53_47-ES.pdf</subfield>
    <subfield code="y">Español</subfield>
  </datafield>
  <datafield tag="930" ind1=" " ind2=" ">
    <subfield code="a">UNDDE98</subfield>
  </datafield>
  <datafield tag="930" ind1=" " ind2=" ">
    <subfield code="a">UDIQ498</subfield>
  </datafield>
  <datafield tag="930" ind1=" " ind2=" ">
    <subfield code="a">UPDQ499</subfield>
  </datafield>
  <datafield tag="949" ind1=" " ind2=" ">
    <subfield code="9">A/C.5/53/47</subfield>
    <subfield code="b">591320.7.1</subfield>
    <subfield code="c">c. 1</subfield>
    <subfield code="d">19981214190000</subfield>
    <subfield code="i">591320</subfield>
    <subfield code="k">unss</subfield>
    <subfield code="l">DHL</subfield>
    <subfield code="m">vcirc</subfield>
    <subfield code="z">t</subfield>
  </datafield>
  <datafield tag="949" ind1=" " ind2=" ">
    <subfield code="9">A/C.5/53/47</subfield>
    <subfield code="b">591318.5.1</subfield>
    <subfield code="c">c. 1</subfield>
    <subfield code="d">19981214190000</subfield>
    <subfield code="i">591318</subfield>
    <subfield code="k">unfs</subfield>
    <subfield code="l">DHL</subfield>
    <subfield code="m">vcirc</subfield>
    <subfield code="z">t</subfield>
  </datafield>
  <datafield tag="949" ind1=" " ind2=" ">
    <subfield code="9">A/C.5/53/47</subfield>
    <subfield code="b">591317.4.1</subfield>
    <subfield code="c">c. 1</subfield>
    <subfield code="d">19981214190000</subfield>
    <subfield code="i">591317</subfield>
    <subfield code="k">uncs</subfield>
    <subfield code="l">DHL</subfield>
    <subfield code="m">vcirc</subfield>
    <subfield code="z">t</subfield>
  </datafield>
  <datafield tag="949" ind1=" " ind2=" ">
    <subfield code="9">A/C.5/53/47</subfield>
    <subfield code="b">591319.6.1</subfield>
    <subfield code="c">c. 1</subfield>
    <subfield code="d">19981214190000</subfield>
    <subfield code="i">591319</subfield>
    <subfield code="k">unrs</subfield>
    <subfield code="l">DHL</subfield>
    <subfield code="m">vcirc</subfield>
    <subfield code="z">t</subfield>
  </datafield>
  <datafield tag="949" ind1=" " ind2=" ">
    <subfield code="9">A/C.5/53/47</subfield>
    <subfield code="b">591315.2.1</subfield>
    <subfield code="c">c. 2</subfield>
    <subfield code="d">19981214190000</subfield>
    <subfield code="i">591315</subfield>
    <subfield code="k">unes</subfield>
    <subfield code="l">DHL</subfield>
    <subfield code="m">vcirc</subfield>
    <subfield code="z">t</subfield>
  </datafield>
  <datafield tag="949" ind1=" " ind2=" ">
    <subfield code="9">A/C.5/53/47</subfield>
    <subfield code="b">591316.3.1</subfield>
    <subfield code="c">c. 1</subfield>
    <subfield code="d">19981214190000</subfield>
    <subfield code="i">591316</subfield>
    <subfield code="k">unas</subfield>
    <subfield code="l">DHL</subfield>
    <subfield code="m">vcirc</subfield>
    <subfield code="z">t</subfield>
  </datafield>
  <datafield tag="949" ind1=" " ind2=" ">
    <subfield code="9">A/C.5/53/47</subfield>
    <subfield code="b">4577461</subfield>
    <subfield code="c">c. 1</subfield>
    <subfield code="d">19981214190000</subfield>
    <subfield code="i">591314</subfield>
    <subfield code="k">unes</subfield>
    <subfield code="l">DHL</subfield>
    <subfield code="m">vcirc</subfield>
    <subfield code="z">t</subfield>
  </datafield>
  <datafield tag="980" ind1=" " ind2=" ">
    <subfield code="a">BIB</subfield>
  </datafield>
  <datafield tag="981" ind1=" " ind2=" ">
    <subfield code="a">General Assembly</subfield>
    <subfield code="b">5th Committee</subfield>
  </datafield>
  <datafield tag="989" ind1=" " ind2=" ">
    <subfield code="a">Documents and Publications</subfield>
  </datafield>
  <datafield tag="991" ind1="1" ind2=" ">
    <subfield code="a">A/53/251</subfield>
    <subfield code="b">113</subfield>
    <subfield code="c">Programme budget for the biennium 1998-1999.</subfield>
    <subfield code="d">UN--BUDGET (1998-1999)</subfield>
    <subfield code="z">I0134911</subfield>
    <subfield code="0">(DHLAUTH)486903</subfield>
  </datafield>
  <datafield tag="998" ind1=" " ind2=" ">
    <subfield code="a">19981214190000</subfield>
    <subfield code="b">ibcs</subfield>
    <subfield code="c">20090202040100</subfield>
    <subfield code="d">amcat</subfield>
  </datafield>
  <datafield tag="999" ind1=" " ind2=" ">
    <subfield code="a">pg</subfield>
    <subfield code="b">19981215</subfield>
    <subfield code="c">r</subfield>
  </datafield>
  <datafield tag="999" ind1=" " ind2=" ">
    <subfield code="a">NS</subfield>
    <subfield code="b">19981215</subfield>
    <subfield code="c">c</subfield>
  </datafield>
  <datafield tag="999" ind1=" " ind2=" ">
    <subfield code="a">bi</subfield>
    <subfield code="b">19981215</subfield>
    <subfield code="c">q</subfield>
  </datafield>
  <datafield tag="999" ind1=" " ind2=" ">
    <subfield code="a">TA</subfield>
    <subfield code="b">19981222</subfield>
    <subfield code="c">r</subfield>
  </datafield>
</record>