
<record>
  <controlfield tag="000">00637nam a22002537a 4500</controlfield>
  <controlfield tag="001">572758</controlfield>
  <controlfield tag="005">20210407104229.0</controlfield>
  <controlfield tag="008">060413c2006    usa     r     00010 eng d</controlfield>
  <datafield tag="035" ind1=" " ind2=" ">
    <subfield code="a">D802614X</subfield>
    <subfield code="z">D0330226</subfield>
  </datafield>
  <datafield tag="035" ind1=" " ind2=" ">
    <subfield code="a">(DHL)802614</subfield>
  </datafield>
  <datafield tag="039" ind1=" " ind2=" ">
    <subfield code="a">DHU</subfield>
  </datafield>
  <datafield tag="040" ind1=" " ind2=" ">
    <subfield code="a">NNUN</subfield>
    <subfield code="b">eng</subfield>
  </datafield>
  <datafield tag="041" ind1="0" ind2=" ">
    <subfield code="a">engfre</subfield>
  </datafield>
  <datafield tag="049" ind1=" " ind2=" ">
    <subfield code="a">usa</subfield>
  </datafield>
  <datafield tag="089" ind1=" " ind2=" ">
    <subfield code="b">B19</subfield>
  </datafield>
  <datafield tag="091" ind1=" " ind2=" ">
    <subfield code="a">GER</subfield>
  </datafield>
  <datafield tag="191" ind1=" " ind2=" ">
    <subfield code="a">[ST/DPI/PRESS/]DSG/SM/283</subfield>
    <subfield code="b">ST/DPI/PRESS/DSG/SM/</subfield>
    <subfield code="q">STDPIPRESSDSGSM283</subfield>
    <subfield code="r">STDPIPRESSDSGSM</subfield>
    <subfield code="0">(DHLAUTH)453434</subfield>
  </datafield>
  <datafield tag="191" ind1=" " ind2=" ">
    <subfield code="b">***</subfield>
    <subfield code="z">DSG/SM/283</subfield>
    <subfield code="q">DSGSM283</subfield>
    <subfield code="0">(DHLAUTH)325910</subfield>
  </datafield>
  <datafield tag="191" ind1=" " ind2=" ">
    <subfield code="a">[ST/DPI/PRESS/]WOM/1552</subfield>
    <subfield code="b">ST/DPI/PRESS/WOM/</subfield>
    <subfield code="q">STDPIPRESSWOM1552</subfield>
    <subfield code="r">STDPIPRESSWOM</subfield>
    <subfield code="0">(DHLAUTH)452471</subfield>
  </datafield>
  <datafield tag="191" ind1=" " ind2=" ">
    <subfield code="b">***</subfield>
    <subfield code="z">WOM/1552</subfield>
    <subfield code="q">WOM1552</subfield>
    <subfield code="0">(DHLAUTH)325910</subfield>
  </datafield>
  <datafield tag="245" ind1="1" ind2="0">
    <subfield code="a">Deputy Secretary-General, in remarks to International Women's Forum, defends ability of United Nationsl to adapt as world changes - she cites Organization's changing peacekeeping role, flexibility following end of cold war, onset of globalization :</subfield>
    <subfield code="b">[remarks, to the International Women's Forum, New York, 14 March 2006] /</subfield>
    <subfield code="c">[by the UN Deputy Secretary-General]</subfield>
  </datafield>
  <datafield tag="260" ind1=" " ind2=" ">
    <subfield code="a">New York  :</subfield>
    <subfield code="b">UN Dept. of Public Information,</subfield>
    <subfield code="c">15 Mar. 2006</subfield>
  </datafield>
  <datafield tag="269" ind1=" " ind2=" ">
    <subfield code="a">2006-03-15</subfield>
  </datafield>
  <datafield tag="300" ind1=" " ind2=" ">
    <subfield code="a">7 p.</subfield>
  </datafield>
  <datafield tag="610" ind1="4" ind2=" ">
    <subfield code="a">UN</subfield>
    <subfield code="g">Organizational reform</subfield>
    <subfield code="0">(DHLAUTH)479652</subfield>
  </datafield>
  <datafield tag="650" ind1="1" ind2="7">
    <subfield code="a">WOMEN'S STATUS</subfield>
    <subfield code="2">unbist</subfield>
    <subfield code="0">(DHLAUTH)269378</subfield>
  </datafield>
  <datafield tag="650" ind1="1" ind2="7">
    <subfield code="a">PEACEKEEPING OPERATIONS</subfield>
    <subfield code="2">unbist</subfield>
    <subfield code="0">(DHLAUTH)474428</subfield>
  </datafield>
  <datafield tag="650" ind1="1" ind2="7">
    <subfield code="a">GLOBALIZATION</subfield>
    <subfield code="2">unbist</subfield>
    <subfield code="0">(DHLAUTH)276685</subfield>
  </datafield>
  <datafield tag="700" ind1="1" ind2=" ">
    <subfield code="a">Fréchette, Louise</subfield>
    <subfield code="0">(DHLAUTH)551109</subfield>
  </datafield>
  <datafield tag="710" ind1="2" ind2=" ">
    <subfield code="a">UN. Deputy Secretary-General</subfield>
    <subfield code="0">(DHLAUTH)480291</subfield>
  </datafield>
  <datafield tag="830" ind1="0" ind2=" ">
    <subfield code="a">UN Press Release. Deputy Secretary-General. Statement</subfield>
    <subfield code="0">(DHLAUTH)910908</subfield>
  </datafield>
  <datafield tag="856" ind1=" " ind2=" ">
    <subfield code="3">English</subfield>
    <subfield code="q">HTML</subfield>
    <subfield code="u">https://www.un.org/press/en/2006/dsgsm283.doc.htm</subfield>
  </datafield>
  <datafield tag="856" ind1=" " ind2=" ">
    <subfield code="3">Français</subfield>
    <subfield code="q">HTML</subfield>
    <subfield code="u">https://www.un.org/press/fr/2006/DSGSM283.doc.htm</subfield>
  </datafield>
  <datafield tag="930" ind1=" " ind2=" ">
    <subfield code="a">SGS</subfield>
  </datafield>
  <datafield tag="930" ind1=" " ind2=" ">
    <subfield code="a">UNDAP06</subfield>
  </datafield>
  <datafield tag="980" ind1=" " ind2=" ">
    <subfield code="a">BIB</subfield>
  </datafield>
  <datafield tag="981" ind1=" " ind2=" ">
    <subfield code="a">Secretariat</subfield>
  </datafield>
  <datafield tag="989" ind1=" " ind2=" ">
    <subfield code="a">Documents and Publications</subfield>
    <subfield code="b">Press Releases</subfield>
  </datafield>
  <datafield tag="998" ind1=" " ind2=" ">
    <subfield code="a">20060413084800</subfield>
    <subfield code="b">dgcat</subfield>
    <subfield code="c">20210407103800</subfield>
    <subfield code="d">mocat</subfield>
    <subfield code="x">0x00010000c31f9354</subfield>
    <subfield code="z">20210407143902</subfield>
  </datafield>
  <datafield tag="999" ind1=" " ind2=" ">
    <subfield code="a">ffc20200908</subfield>
    <subfield code="b">20200908</subfield>
    <subfield code="c">c</subfield>
  </datafield>
  <datafield tag="999" ind1=" " ind2=" ">
    <subfield code="a">ttr20060504</subfield>
    <subfield code="b">20060504</subfield>
    <subfield code="c">r</subfield>
  </datafield>
  <datafield tag="999" ind1=" " ind2=" ">
    <subfield code="a">dgq20060413</subfield>
    <subfield code="b">20060413</subfield>
    <subfield code="c">q</subfield>
  </datafield>
</record>