
<record>
  <controlfield tag="000">00494nam a2200205#a 4500</controlfield>
  <controlfield tag="001">610890</controlfield>
  <controlfield tag="005">20210409070143.0</controlfield>
  <controlfield tag="007">c</controlfield>
  <controlfield tag="008">071105s2004    usa    #r     |||1| eng d</controlfield>
  <datafield tag="020" ind1=" " ind2=" ">
    <subfield code="a">9211302374</subfield>
  </datafield>
  <datafield tag="035" ind1=" " ind2=" ">
    <subfield code="a">D845207X</subfield>
    <subfield code="z">D9581180</subfield>
  </datafield>
  <datafield tag="035" ind1=" " ind2=" ">
    <subfield code="a">(DHL)845207</subfield>
  </datafield>
  <datafield tag="039" ind1=" " ind2=" ">
    <subfield code="a">GUN</subfield>
  </datafield>
  <datafield tag="040" ind1=" " ind2=" ">
    <subfield code="a">SzGeBNU</subfield>
    <subfield code="b">eng</subfield>
  </datafield>
  <datafield tag="041" ind1="0" ind2=" ">
    <subfield code="a">eng</subfield>
  </datafield>
  <datafield tag="049" ind1=" " ind2=" ">
    <subfield code="a">usa</subfield>
  </datafield>
  <datafield tag="079" ind1=" " ind2=" ">
    <subfield code="a">04.IV.6</subfield>
    <subfield code="q">04IV6</subfield>
  </datafield>
  <datafield tag="089" ind1=" " ind2=" ">
    <subfield code="b">A07</subfield>
  </datafield>
  <datafield tag="089" ind1=" " ind2=" ">
    <subfield code="b">B13</subfield>
  </datafield>
  <datafield tag="091" ind1=" " ind2=" ">
    <subfield code="a">GER</subfield>
  </datafield>
  <datafield tag="099" ind1=" " ind2=" ">
    <subfield code="a">UNG</subfield>
    <subfield code="b">GUN</subfield>
    <subfield code="c">04.IV.6</subfield>
    <subfield code="q">04IV6</subfield>
  </datafield>
  <datafield tag="099" ind1=" " ind2=" ">
    <subfield code="a">UNH</subfield>
    <subfield code="b">DHU</subfield>
    <subfield code="c">ST/DPKO(02)/G325</subfield>
    <subfield code="q">STDPKO02G325</subfield>
  </datafield>
  <datafield tag="099" ind1=" " ind2=" ">
    <subfield code="a">UNH</subfield>
    <subfield code="b">DHU</subfield>
    <subfield code="c">ST/DPKO(02)/G325 Computer File</subfield>
    <subfield code="q">STDPKO02G325COMPUTERFILE</subfield>
  </datafield>
  <datafield tag="099" ind1=" " ind2=" ">
    <subfield code="a">UNG</subfield>
    <subfield code="b">GUN</subfield>
    <subfield code="c">Internet</subfield>
    <subfield code="q">INTERNET</subfield>
  </datafield>
  <datafield tag="191" ind1=" " ind2=" ">
    <subfield code="a">***</subfield>
    <subfield code="b">ST/DPKO/</subfield>
    <subfield code="r">STDPKO</subfield>
    <subfield code="0">(DHLAUTH)454784</subfield>
  </datafield>
  <datafield tag="245" ind1="1" ind2="0">
    <subfield code="a">Gender resource package for peacekeeping operations /</subfield>
    <subfield code="c">produced by Peacekeeping Best Practices Unit, Department of Peacekeeping Operations, United Nations</subfield>
  </datafield>
  <datafield tag="260" ind1=" " ind2=" ">
    <subfield code="a">New York :</subfield>
    <subfield code="b">UN Dept. of Peacekeeping Operations,</subfield>
    <subfield code="c">July 2004</subfield>
  </datafield>
  <datafield tag="269" ind1=" " ind2=" ">
    <subfield code="a">2004-07</subfield>
  </datafield>
  <datafield tag="300" ind1=" " ind2=" ">
    <subfield code="a">xii, 228 p. +</subfield>
    <subfield code="e">1 CD-ROM</subfield>
  </datafield>
  <datafield tag="500" ind1=" " ind2=" ">
    <subfield code="a">Accompanied by CD-ROM attached to inside front cover.</subfield>
  </datafield>
  <datafield tag="500" ind1=" " ind2=" ">
    <subfield code="a">Available also at Peacekeeping Best Practices website (viewed 5 Nov. 2007).</subfield>
  </datafield>
  <datafield tag="610" ind1="2" ind2="7">
    <subfield code="a">UN</subfield>
    <subfield code="2">unbisn</subfield>
    <subfield code="0">(DHLAUTH)15785</subfield>
  </datafield>
  <datafield tag="650" ind1="1" ind2="7">
    <subfield code="a">PEACEKEEPING OPERATIONS</subfield>
    <subfield code="2">unbist</subfield>
    <subfield code="0">(DHLAUTH)474428</subfield>
  </datafield>
  <datafield tag="650" ind1="1" ind2="7">
    <subfield code="a">GENDER MAINSTREAMING</subfield>
    <subfield code="2">unbist</subfield>
    <subfield code="0">(DHLAUTH)493524</subfield>
  </datafield>
  <datafield tag="650" ind1="2" ind2="7">
    <subfield code="a">WOMEN IN ARMED CONFLICTS</subfield>
    <subfield code="2">unbist</subfield>
    <subfield code="0">(DHLAUTH)652111</subfield>
  </datafield>
  <datafield tag="650" ind1="2" ind2="7">
    <subfield code="a">PEACEBUILDING</subfield>
    <subfield code="2">unbist</subfield>
    <subfield code="0">(DHLAUTH)268714</subfield>
  </datafield>
  <datafield tag="710" ind1="2" ind2=" ">
    <subfield code="a">UN. Department of Peacekeeping Operations. Peacekeeping Best Practices Unit</subfield>
    <subfield code="0">(DHLAUTH)613679</subfield>
  </datafield>
  <datafield tag="856" ind1="4" ind2="1">
    <subfield code="3">English</subfield>
    <subfield code="q">PDF</subfield>
    <subfield code="u">http://pbpu.unlb.org/pbps/library/GRP%20Full%20Version.pdf</subfield>
  </datafield>
  <datafield tag="856" ind1="4" ind2=" ">
    <subfield code="y">English</subfield>
    <subfield code="9">9ff69d9c-5baf-496b-848f-5a18433e90bb</subfield>
    <subfield code="s">3385028</subfield>
    <subfield code="u">https://digitallibrary.un.org/record/610890/files/GenderResourcePackage.pdf</subfield>
  </datafield>
  <datafield tag="930" ind1=" " ind2=" ">
    <subfield code="a">UNDNO07</subfield>
  </datafield>
  <datafield tag="930" ind1=" " ind2=" ">
    <subfield code="a">WWW</subfield>
  </datafield>
  <datafield tag="980" ind1=" " ind2=" ">
    <subfield code="a">BIB</subfield>
  </datafield>
  <datafield tag="981" ind1=" " ind2=" ">
    <subfield code="a">Secretariat</subfield>
  </datafield>
  <datafield tag="989" ind1=" " ind2=" ">
    <subfield code="a">Documents and Publications</subfield>
    <subfield code="b">Publications</subfield>
  </datafield>
  <datafield tag="998" ind1=" " ind2=" ">
    <subfield code="a">20071105143200</subfield>
    <subfield code="b">mpcat</subfield>
    <subfield code="c">20210408165300</subfield>
    <subfield code="d">ffcat1</subfield>
    <subfield code="x">0x00010000c32351ad</subfield>
    <subfield code="z">20210409104720</subfield>
  </datafield>
  <datafield tag="999" ind1=" " ind2=" ">
    <subfield code="a">ffw20210408</subfield>
    <subfield code="b">20210408</subfield>
    <subfield code="c">w</subfield>
  </datafield>
  <datafield tag="999" ind1=" " ind2=" ">
    <subfield code="a">mpc20071105</subfield>
    <subfield code="b">20071105</subfield>
    <subfield code="c">c</subfield>
  </datafield>
  <datafield tag="999" ind1=" " ind2=" ">
    <subfield code="a">mpu20071108</subfield>
    <subfield code="b">20071108</subfield>
    <subfield code="c">u</subfield>
  </datafield>
  <datafield tag="999" ind1=" " ind2=" ">
    <subfield code="a">bcu20081209</subfield>
    <subfield code="b">20081209</subfield>
    <subfield code="c">u</subfield>
  </datafield>
  <datafield tag="999" ind1=" " ind2=" ">
    <subfield code="a">bci20081209</subfield>
    <subfield code="b">20081209</subfield>
    <subfield code="c">i</subfield>
  </datafield>
  <datafield tag="999" ind1=" " ind2=" ">
    <subfield code="a">jcu20081210</subfield>
    <subfield code="b">20081210</subfield>
    <subfield code="c">u</subfield>
  </datafield>
</record>