
<record>
  <controlfield tag="000">00000nam a2200025#a 4500</controlfield>
  <controlfield tag="001">666430</controlfield>
  <controlfield tag="005">20230411113658.0</controlfield>
  <controlfield tag="008">091002s2009    usa    #r     |||1| eng d</controlfield>
  <datafield tag="029" ind1=" " ind2=" ">
    <subfield code="a">JN</subfield>
    <subfield code="b">N0953446 E</subfield>
  </datafield>
  <datafield tag="035" ind1=" " ind2=" ">
    <subfield code="a">D904570X</subfield>
    <subfield code="z">D0367602</subfield>
  </datafield>
  <datafield tag="035" ind1=" " ind2=" ">
    <subfield code="a">(DHL)904570</subfield>
  </datafield>
  <datafield tag="039" ind1=" " ind2=" ">
    <subfield code="a">DHU</subfield>
  </datafield>
  <datafield tag="040" ind1=" " ind2=" ">
    <subfield code="a">NNUN</subfield>
    <subfield code="b">eng</subfield>
  </datafield>
  <datafield tag="041" ind1="0" ind2=" ">
    <subfield code="a">arachiengfrerusspa</subfield>
  </datafield>
  <datafield tag="049" ind1=" " ind2=" ">
    <subfield code="a">usa</subfield>
  </datafield>
  <datafield tag="089" ind1=" " ind2=" ">
    <subfield code="b">B01</subfield>
  </datafield>
  <datafield tag="091" ind1=" " ind2=" ">
    <subfield code="a">GEN</subfield>
  </datafield>
  <datafield tag="099" ind1=" " ind2=" ">
    <subfield code="a">UNH</subfield>
    <subfield code="b">DHU</subfield>
  </datafield>
  <datafield tag="191" ind1=" " ind2=" ">
    <subfield code="a">S/RES/1888(2009)</subfield>
    <subfield code="b">S/</subfield>
    <subfield code="c">64</subfield>
    <subfield code="9">X99</subfield>
    <subfield code="q">SRES18882009</subfield>
    <subfield code="q">SRES1888</subfield>
    <subfield code="r">S64</subfield>
    <subfield code="0">(DHLAUTH)757523</subfield>
  </datafield>
  <datafield tag="239" ind1="1" ind2="0">
    <subfield code="a">Security Council resolution 1888 (2009) [on sexual violence against women and children in situations of armed conflict]</subfield>
  </datafield>
  <datafield tag="245" ind1="0" ind2="0">
    <subfield code="a">Resolution 1888 (2009) /</subfield>
    <subfield code="c">adopted by the Security Council at its 6195th meeting, on 30 September 2009</subfield>
  </datafield>
  <datafield tag="260" ind1=" " ind2=" ">
    <subfield code="a">[New York] :</subfield>
    <subfield code="b">UN,</subfield>
    <subfield code="c">30 Sept. 2009</subfield>
  </datafield>
  <datafield tag="269" ind1=" " ind2=" ">
    <subfield code="a">2009-09-30</subfield>
  </datafield>
  <datafield tag="300" ind1=" " ind2=" ">
    <subfield code="a">7 p.</subfield>
  </datafield>
  <datafield tag="500" ind1=" " ind2=" ">
    <subfield code="a">Issued in: Resolutions and decisions of the Security Council, 1 August 2009-31 July 2010 - S/INF/65 - (SCOR, 64th year).</subfield>
  </datafield>
  <datafield tag="596" ind1=" " ind2=" ">
    <subfield code="a">Reissued in French for technical reasons.</subfield>
  </datafield>
  <datafield tag="610" ind1="2" ind2="7">
    <subfield code="a">UN. Special Representative of the Secretary-General on Sexual Violence in Conflict</subfield>
    <subfield code="2">unbisn</subfield>
    <subfield code="0">(DHLAUTH)772939</subfield>
  </datafield>
  <datafield tag="610" ind1="2" ind2="7">
    <subfield code="a">UN System</subfield>
    <subfield code="2">unbisn</subfield>
    <subfield code="0">(DHLAUTH)13838</subfield>
  </datafield>
  <datafield tag="610" ind1="2" ind2="7">
    <subfield code="a">UN. Security Council</subfield>
    <subfield code="g">Resolutions and decisions</subfield>
    <subfield code="2">unbisn</subfield>
    <subfield code="0">(DHLAUTH)307416</subfield>
  </datafield>
  <datafield tag="610" ind1="2" ind2="7">
    <subfield code="a">UN. Security Council. Working Group on Children and Armed Conflict</subfield>
    <subfield code="2">unbisn</subfield>
    <subfield code="0">(DHLAUTH)696770</subfield>
  </datafield>
  <datafield tag="610" ind1="2" ind2="7">
    <subfield code="a">UN. Team of Experts Established pursuant to Security Council Resolution 1888 (2009)</subfield>
    <subfield code="2">unbisn</subfield>
    <subfield code="0">(DHLAUTH)772947</subfield>
  </datafield>
  <datafield tag="610" ind1="2" ind2="7">
    <subfield code="a">UN. Peacebuilding Commission</subfield>
    <subfield code="2">unbisn</subfield>
    <subfield code="0">(DHLAUTH)677863</subfield>
  </datafield>
  <datafield tag="610" ind1="2" ind2="7">
    <subfield code="a">UN Emergency Relief Coordinator</subfield>
    <subfield code="2">unbisn</subfield>
    <subfield code="0">(DHLAUTH)194472</subfield>
  </datafield>
  <datafield tag="610" ind1="2" ind2="7">
    <subfield code="a">UN High Commissioner for Human Rights</subfield>
    <subfield code="2">unbisn</subfield>
    <subfield code="0">(DHLAUTH)146414</subfield>
  </datafield>
  <datafield tag="610" ind1="2" ind2="7">
    <subfield code="a">UN. Human Rights Council. Special Rapporteur on Violence against Women and Girls, its Causes and its Consequences</subfield>
    <subfield code="2">unbisn</subfield>
    <subfield code="0">(DHLAUTH)716013</subfield>
  </datafield>
  <datafield tag="630" ind1="0" ind2="7">
    <subfield code="a">UN Action against Sexual Violence in Conflict</subfield>
    <subfield code="2">unbisn</subfield>
    <subfield code="0">(DHLAUTH)770383</subfield>
  </datafield>
  <datafield tag="650" ind1="1" ind2="7">
    <subfield code="a">SEX CRIMES</subfield>
    <subfield code="2">unbist</subfield>
    <subfield code="0">(DHLAUTH)273132</subfield>
  </datafield>
  <datafield tag="650" ind1="1" ind2="7">
    <subfield code="a">CIVILIAN PERSONS</subfield>
    <subfield code="2">unbist</subfield>
    <subfield code="0">(DHLAUTH)274447</subfield>
  </datafield>
  <datafield tag="650" ind1="1" ind2="7">
    <subfield code="a">WOMEN IN ARMED CONFLICTS</subfield>
    <subfield code="2">unbist</subfield>
    <subfield code="0">(DHLAUTH)652111</subfield>
  </datafield>
  <datafield tag="650" ind1="1" ind2="7">
    <subfield code="a">CHILDREN IN ARMED CONFLICTS</subfield>
    <subfield code="2">unbist</subfield>
    <subfield code="0">(DHLAUTH)276638</subfield>
  </datafield>
  <datafield tag="650" ind1="1" ind2="7">
    <subfield code="a">RESPONSIBILITY TO PROTECT</subfield>
    <subfield code="2">unbist</subfield>
    <subfield code="0">(DHLAUTH)749981</subfield>
  </datafield>
  <datafield tag="650" ind1="1" ind2="7">
    <subfield code="a">GENDER-BASED VIOLENCE</subfield>
    <subfield code="2">unbist</subfield>
    <subfield code="0">(DHLAUTH)276684</subfield>
  </datafield>
  <datafield tag="650" ind1="2" ind2="7">
    <subfield code="a">HUMAN RIGHTS IN ARMED CONFLICTS</subfield>
    <subfield code="2">unbist</subfield>
    <subfield code="0">(DHLAUTH)268831</subfield>
  </datafield>
  <datafield tag="650" ind1="2" ind2="7">
    <subfield code="a">HUMAN RIGHTS VIOLATIONS</subfield>
    <subfield code="2">unbist</subfield>
    <subfield code="0">(DHLAUTH)274435</subfield>
  </datafield>
  <datafield tag="650" ind1="2" ind2="7">
    <subfield code="a">SPECIAL REPRESENTATIVES</subfield>
    <subfield code="2">unbist</subfield>
    <subfield code="0">(DHLAUTH)548003</subfield>
  </datafield>
  <datafield tag="650" ind1="2" ind2="7">
    <subfield code="a">INTER-AGENCY COOPERATION</subfield>
    <subfield code="2">unbist</subfield>
    <subfield code="0">(DHLAUTH)268578</subfield>
  </datafield>
  <datafield tag="650" ind1="2" ind2="7">
    <subfield code="a">INFORMATION EXCHANGE</subfield>
    <subfield code="2">unbist</subfield>
    <subfield code="0">(DHLAUTH)275144</subfield>
  </datafield>
  <datafield tag="650" ind1="2" ind2="7">
    <subfield code="a">LAW REFORM</subfield>
    <subfield code="2">unbist</subfield>
    <subfield code="0">(DHLAUTH)269365</subfield>
  </datafield>
  <datafield tag="650" ind1="2" ind2="7">
    <subfield code="a">INTERNATIONAL LAW</subfield>
    <subfield code="2">unbist</subfield>
    <subfield code="0">(DHLAUTH)268669</subfield>
  </datafield>
  <datafield tag="650" ind1="2" ind2="7">
    <subfield code="a">CRIMINAL JUSTICE</subfield>
    <subfield code="2">unbist</subfield>
    <subfield code="0">(DHLAUTH)269126</subfield>
  </datafield>
  <datafield tag="650" ind1="2" ind2="7">
    <subfield code="a">CRIMINAL INVESTIGATION</subfield>
    <subfield code="2">unbist</subfield>
    <subfield code="0">(DHLAUTH)274486</subfield>
  </datafield>
  <datafield tag="650" ind1="2" ind2="7">
    <subfield code="a">MILITARY PERSONNEL</subfield>
    <subfield code="2">unbist</subfield>
    <subfield code="0">(DHLAUTH)268838</subfield>
  </datafield>
  <datafield tag="650" ind1="2" ind2="7">
    <subfield code="a">INTERNATIONAL HUMANITARIAN LAW</subfield>
    <subfield code="2">unbist</subfield>
    <subfield code="0">(DHLAUTH)268789</subfield>
  </datafield>
  <datafield tag="650" ind1="2" ind2="7">
    <subfield code="a">IMPUNITY</subfield>
    <subfield code="2">unbist</subfield>
    <subfield code="0">(DHLAUTH)269413</subfield>
  </datafield>
  <datafield tag="650" ind1="2" ind2="7">
    <subfield code="a">GROUPS OF EXPERTS</subfield>
    <subfield code="2">unbist</subfield>
    <subfield code="0">(DHLAUTH)269944</subfield>
  </datafield>
  <datafield tag="650" ind1="2" ind2="7">
    <subfield code="a">RULE OF LAW</subfield>
    <subfield code="2">unbist</subfield>
    <subfield code="0">(DHLAUTH)269279</subfield>
  </datafield>
  <datafield tag="650" ind1="2" ind2="7">
    <subfield code="a">JUDICIAL SYSTEM</subfield>
    <subfield code="2">unbist</subfield>
    <subfield code="0">(DHLAUTH)269131</subfield>
  </datafield>
  <datafield tag="650" ind1="2" ind2="7">
    <subfield code="a">MEDIATION</subfield>
    <subfield code="2">unbist</subfield>
    <subfield code="0">(DHLAUTH)268731</subfield>
  </datafield>
  <datafield tag="650" ind1="2" ind2="7">
    <subfield code="a">SECURITY SECTOR REFORM</subfield>
    <subfield code="2">unbist</subfield>
    <subfield code="0">(DHLAUTH)720565</subfield>
  </datafield>
  <datafield tag="650" ind1="2" ind2="7">
    <subfield code="a">WITNESSES</subfield>
    <subfield code="2">unbist</subfield>
    <subfield code="0">(DHLAUTH)269287</subfield>
  </datafield>
  <datafield tag="650" ind1="2" ind2="7">
    <subfield code="a">RIGHT TO A FAIR TRIAL</subfield>
    <subfield code="2">unbist</subfield>
    <subfield code="0">(DHLAUTH)269134</subfield>
  </datafield>
  <datafield tag="650" ind1="2" ind2="7">
    <subfield code="a">CAPACITY BUILDING</subfield>
    <subfield code="2">unbist</subfield>
    <subfield code="0">(DHLAUTH)276636</subfield>
  </datafield>
  <datafield tag="650" ind1="2" ind2="7">
    <subfield code="a">ACCOUNTABILITY</subfield>
    <subfield code="2">unbist</subfield>
    <subfield code="0">(DHLAUTH)269310</subfield>
  </datafield>
  <datafield tag="650" ind1="2" ind2="7">
    <subfield code="a">CRIME VICTIMS</subfield>
    <subfield code="2">unbist</subfield>
    <subfield code="0">(DHLAUTH)268385</subfield>
  </datafield>
  <datafield tag="650" ind1="2" ind2="7">
    <subfield code="a">COUNTRY TEAMS</subfield>
    <subfield code="2">unbist</subfield>
    <subfield code="0">(DHLAUTH)689845</subfield>
  </datafield>
  <datafield tag="650" ind1="2" ind2="7">
    <subfield code="a">LAW ENFORCEMENT</subfield>
    <subfield code="2">unbist</subfield>
    <subfield code="0">(DHLAUTH)274592</subfield>
  </datafield>
  <datafield tag="650" ind1="2" ind2="7">
    <subfield code="a">SANCTIONS</subfield>
    <subfield code="2">unbist</subfield>
    <subfield code="0">(DHLAUTH)9840</subfield>
  </datafield>
  <datafield tag="650" ind1="2" ind2="7">
    <subfield code="a">RAPE</subfield>
    <subfield code="2">unbist</subfield>
    <subfield code="0">(DHLAUTH)274502</subfield>
  </datafield>
  <datafield tag="650" ind1="2" ind2="7">
    <subfield code="a">PEACEKEEPING OPERATIONS</subfield>
    <subfield code="2">unbist</subfield>
    <subfield code="0">(DHLAUTH)474428</subfield>
  </datafield>
  <datafield tag="650" ind1="2" ind2="7">
    <subfield code="a">CRIME PREVENTION</subfield>
    <subfield code="2">unbist</subfield>
    <subfield code="0">(DHLAUTH)274588</subfield>
  </datafield>
  <datafield tag="650" ind1="2" ind2="7">
    <subfield code="a">ADVISORY SERVICES</subfield>
    <subfield code="2">unbist</subfield>
    <subfield code="0">(DHLAUTH)269860</subfield>
  </datafield>
  <datafield tag="650" ind1="2" ind2="7">
    <subfield code="a">HEALTH CARE DELIVERY</subfield>
    <subfield code="2">unbist</subfield>
    <subfield code="0">(DHLAUTH)273207</subfield>
  </datafield>
  <datafield tag="650" ind1="2" ind2="7">
    <subfield code="a">JUDICIAL ASSISTANCE</subfield>
    <subfield code="2">unbist</subfield>
    <subfield code="0">(DHLAUTH)269300</subfield>
  </datafield>
  <datafield tag="650" ind1="2" ind2="7">
    <subfield code="a">RURAL AREAS</subfield>
    <subfield code="2">unbist</subfield>
    <subfield code="0">(DHLAUTH)269978</subfield>
  </datafield>
  <datafield tag="650" ind1="2" ind2="7">
    <subfield code="a">FIELD VISITS</subfield>
    <subfield code="2">unbist</subfield>
    <subfield code="0">(DHLAUTH)275795</subfield>
  </datafield>
  <datafield tag="650" ind1="2" ind2="7">
    <subfield code="a">WOMEN'S ORGANIZATIONS</subfield>
    <subfield code="2">unbist</subfield>
    <subfield code="0">(DHLAUTH)273160</subfield>
  </datafield>
  <datafield tag="650" ind1="2" ind2="7">
    <subfield code="a">SOCIAL INTEGRATION</subfield>
    <subfield code="2">unbist</subfield>
    <subfield code="0">(DHLAUTH)274706</subfield>
  </datafield>
  <datafield tag="650" ind1="2" ind2="7">
    <subfield code="a">REGIONAL ORGANIZATIONS</subfield>
    <subfield code="2">unbist</subfield>
    <subfield code="0">(DHLAUTH)268718</subfield>
  </datafield>
  <datafield tag="650" ind1="2" ind2="7">
    <subfield code="a">POST-CONFLICT RECONSTRUCTION</subfield>
    <subfield code="2">unbist</subfield>
    <subfield code="0">(DHLAUTH)534888</subfield>
  </datafield>
  <datafield tag="650" ind1="2" ind2="7">
    <subfield code="a">PEACEBUILDING</subfield>
    <subfield code="2">unbist</subfield>
    <subfield code="0">(DHLAUTH)268714</subfield>
  </datafield>
  <datafield tag="650" ind1="2" ind2="7">
    <subfield code="a">WOMEN</subfield>
    <subfield code="2">unbist</subfield>
    <subfield code="0">(DHLAUTH)273032</subfield>
  </datafield>
  <datafield tag="650" ind1="2" ind2="7">
    <subfield code="a">DECISION-MAKING</subfield>
    <subfield code="2">unbist</subfield>
    <subfield code="0">(DHLAUTH)270223</subfield>
  </datafield>
  <datafield tag="650" ind1="2" ind2="7">
    <subfield code="a">NEGOTIATION</subfield>
    <subfield code="2">unbist</subfield>
    <subfield code="0">(DHLAUTH)268593</subfield>
  </datafield>
  <datafield tag="650" ind1="2" ind2="7">
    <subfield code="a">CEASEFIRES</subfield>
    <subfield code="2">unbist</subfield>
    <subfield code="0">(DHLAUTH)268709</subfield>
  </datafield>
  <datafield tag="650" ind1="2" ind2="7">
    <subfield code="a">POLICE</subfield>
    <subfield code="2">unbist</subfield>
    <subfield code="0">(DHLAUTH)270025</subfield>
  </datafield>
  <datafield tag="650" ind1="2" ind2="7">
    <subfield code="a">TECHNICAL COOPERATION</subfield>
    <subfield code="2">unbist</subfield>
    <subfield code="0">(DHLAUTH)268658</subfield>
  </datafield>
  <datafield tag="650" ind1="2" ind2="7">
    <subfield code="a">TROOP-CONTRIBUTING STATES</subfield>
    <subfield code="2">unbist</subfield>
    <subfield code="0">(DHLAUTH)268938</subfield>
  </datafield>
  <datafield tag="650" ind1="2" ind2="7">
    <subfield code="a">TRAINING PROGRAMMES</subfield>
    <subfield code="2">unbist</subfield>
    <subfield code="0">(DHLAUTH)274026</subfield>
  </datafield>
  <datafield tag="650" ind1="2" ind2="7">
    <subfield code="a">GENDER MAINSTREAMING</subfield>
    <subfield code="2">unbist</subfield>
    <subfield code="0">(DHLAUTH)493524</subfield>
  </datafield>
  <datafield tag="650" ind1="2" ind2="7">
    <subfield code="a">RESOURCES ALLOCATION</subfield>
    <subfield code="2">unbist</subfield>
    <subfield code="0">(DHLAUTH)269658</subfield>
  </datafield>
  <datafield tag="650" ind1="2" ind2="7">
    <subfield code="a">DEVELOPMENT STRATEGIES</subfield>
    <subfield code="2">unbist</subfield>
    <subfield code="0">(DHLAUTH)269884</subfield>
  </datafield>
  <datafield tag="650" ind1="2" ind2="7">
    <subfield code="a">REPORT PREPARATION</subfield>
    <subfield code="2">unbist</subfield>
    <subfield code="0">(DHLAUTH)275139</subfield>
  </datafield>
  <datafield tag="650" ind1="2" ind2="7">
    <subfield code="a">HUMAN RIGHTS MONITORING</subfield>
    <subfield code="2">unbist</subfield>
    <subfield code="0">(DHLAUTH)276661</subfield>
  </datafield>
  <datafield tag="650" ind1="2" ind2="7">
    <subfield code="a">FOCAL POINTS</subfield>
    <subfield code="2">unbist</subfield>
    <subfield code="0">(DHLAUTH)269994</subfield>
  </datafield>
  <datafield tag="650" ind1="2" ind2="7">
    <subfield code="a">RESIDENT COORDINATORS</subfield>
    <subfield code="2">unbist</subfield>
    <subfield code="0">(DHLAUTH)268580</subfield>
  </datafield>
  <datafield tag="710" ind1="2" ind2=" ">
    <subfield code="a">UN. Security Council (64th year : 2009)</subfield>
    <subfield code="0">(DHLAUTH)738572</subfield>
  </datafield>
  <datafield tag="856" ind1="4" ind2=" ">
    <subfield code="y">العربية</subfield>
    <subfield code="9">57805a60-6474-43a0-b1dd-18e922708a74</subfield>
    <subfield code="s">172129</subfield>
    <subfield code="u">https://digitallibrary.un.org/record/666430/files/S_RES_1888%282009%29-AR.pdf</subfield>
  </datafield>
  <datafield tag="856" ind1="4" ind2=" ">
    <subfield code="y">Other</subfield>
    <subfield code="9">3c6cf7c2-9643-4ccf-9bb5-c17f26015cb4</subfield>
    <subfield code="s">64750</subfield>
    <subfield code="u">https://digitallibrary.un.org/record/666430/files/S_RES_1888%282009%29-DE.pdf</subfield>
  </datafield>
  <datafield tag="856" ind1="4" ind2=" ">
    <subfield code="y">English</subfield>
    <subfield code="9">4aeac5de-2c93-45e5-b0a9-01df10739988</subfield>
    <subfield code="s">52216</subfield>
    <subfield code="u">https://digitallibrary.un.org/record/666430/files/S_RES_1888%282009%29-EN.pdf</subfield>
  </datafield>
  <datafield tag="856" ind1="4" ind2=" ">
    <subfield code="y">Español</subfield>
    <subfield code="9">c8dc4e2c-9069-471b-8f64-b2cdfc949e00</subfield>
    <subfield code="s">57589</subfield>
    <subfield code="u">https://digitallibrary.un.org/record/666430/files/S_RES_1888%282009%29-ES.pdf</subfield>
  </datafield>
  <datafield tag="856" ind1="4" ind2=" ">
    <subfield code="y">Français</subfield>
    <subfield code="9">ea96f2ad-38aa-46a6-aff0-5132eeb9c355</subfield>
    <subfield code="s">59454</subfield>
    <subfield code="u">https://digitallibrary.un.org/record/666430/files/S_RES_1888%282009%29-FR.pdf</subfield>
  </datafield>
  <datafield tag="856" ind1="4" ind2=" ">
    <subfield code="y">Русский</subfield>
    <subfield code="9">7c6dd678-a9d6-4eff-874d-e2d785c18d37</subfield>
    <subfield code="s">216452</subfield>
    <subfield code="u">https://digitallibrary.un.org/record/666430/files/S_RES_1888%282009%29-RU.pdf</subfield>
  </datafield>
  <datafield tag="856" ind1="4" ind2=" ">
    <subfield code="y">中文</subfield>
    <subfield code="9">ed8fc7e3-45f2-4fb5-bf3b-b4b6f0a99f06</subfield>
    <subfield code="s">178925</subfield>
    <subfield code="u">https://digitallibrary.un.org/record/666430/files/S_RES_1888%282009%29-ZH.pdf</subfield>
  </datafield>
  <datafield tag="930" ind1=" " ind2=" ">
    <subfield code="a">SCS</subfield>
  </datafield>
  <datafield tag="930" ind1=" " ind2=" ">
    <subfield code="a">UNDOC09</subfield>
  </datafield>
  <datafield tag="949" ind1=" " ind2=" ">
    <subfield code="9">S/RES/1888(2009)</subfield>
    <subfield code="b">1663196.4.1</subfield>
    <subfield code="i">1663196</subfield>
    <subfield code="k">unrs</subfield>
    <subfield code="c">c. 1</subfield>
    <subfield code="l">DHL</subfield>
    <subfield code="z">t</subfield>
    <subfield code="m">14day</subfield>
    <subfield code="d">20091002000000</subfield>
  </datafield>
  <datafield tag="949" ind1=" " ind2=" ">
    <subfield code="9">S/RES/1888(2009)</subfield>
    <subfield code="b">1663197.5.1</subfield>
    <subfield code="i">1663197</subfield>
    <subfield code="k">unss</subfield>
    <subfield code="c">c. 1</subfield>
    <subfield code="l">DHL</subfield>
    <subfield code="z">t</subfield>
    <subfield code="m">14day</subfield>
    <subfield code="d">20091002000000</subfield>
  </datafield>
  <datafield tag="949" ind1=" " ind2=" ">
    <subfield code="9">S/RES/1888(2009)</subfield>
    <subfield code="b">1663195.3.1</subfield>
    <subfield code="i">1663195</subfield>
    <subfield code="k">unfs</subfield>
    <subfield code="c">c. 1</subfield>
    <subfield code="l">DHL</subfield>
    <subfield code="z">t</subfield>
    <subfield code="m">14day</subfield>
    <subfield code="d">20091002000000</subfield>
  </datafield>
  <datafield tag="949" ind1=" " ind2=" ">
    <subfield code="9">S/RES/1888(2009)</subfield>
    <subfield code="b">10000000904570</subfield>
    <subfield code="i">1663192</subfield>
    <subfield code="k">unas</subfield>
    <subfield code="c">c. 1</subfield>
    <subfield code="l">DHL</subfield>
    <subfield code="z">t</subfield>
    <subfield code="m">14day</subfield>
    <subfield code="d">20091002000000</subfield>
  </datafield>
  <datafield tag="949" ind1=" " ind2=" ">
    <subfield code="9">S/RES/1888(2009)</subfield>
    <subfield code="b">1663193.1.1</subfield>
    <subfield code="i">1663193</subfield>
    <subfield code="k">uncs</subfield>
    <subfield code="c">c. 1</subfield>
    <subfield code="l">DHL</subfield>
    <subfield code="z">t</subfield>
    <subfield code="m">14day</subfield>
    <subfield code="d">20091002000000</subfield>
  </datafield>
  <datafield tag="949" ind1=" " ind2=" ">
    <subfield code="9">S/RES/1888(2009)</subfield>
    <subfield code="b">1663194.2.1</subfield>
    <subfield code="i">1663194</subfield>
    <subfield code="k">unes</subfield>
    <subfield code="c">c. 1</subfield>
    <subfield code="l">DHL</subfield>
    <subfield code="z">t</subfield>
    <subfield code="m">14day</subfield>
    <subfield code="d">20091002000000</subfield>
  </datafield>
  <datafield tag="980" ind1=" " ind2=" ">
    <subfield code="a">BIB</subfield>
  </datafield>
  <datafield tag="981" ind1=" " ind2=" ">
    <subfield code="a">Security Council</subfield>
  </datafield>
  <datafield tag="989" ind1=" " ind2=" ">
    <subfield code="a">Documents and Publications</subfield>
    <subfield code="b">Resolutions and Decisions</subfield>
    <subfield code="c">Resolutions</subfield>
  </datafield>
  <datafield tag="991" ind1="3" ind2=" ">
    <subfield code="a">S/64</subfield>
    <subfield code="b">[187]</subfield>
    <subfield code="d">CHILDREN IN ARMED CONFLICTS</subfield>
    <subfield code="z">I0202460</subfield>
    <subfield code="0">(DHLAUTH)757162</subfield>
  </datafield>
  <datafield tag="991" ind1="3" ind2=" ">
    <subfield code="a">S/64</subfield>
    <subfield code="b">[189]</subfield>
    <subfield code="d">CIVILIAN PERSONS--ARMED CONFLICTS</subfield>
    <subfield code="z">I0202460</subfield>
    <subfield code="0">(DHLAUTH)757164</subfield>
  </datafield>
  <datafield tag="991" ind1="3" ind2=" ">
    <subfield code="a">S/64</subfield>
    <subfield code="b">[201]</subfield>
    <subfield code="d">WOMEN IN ARMED CONFLICTS</subfield>
    <subfield code="z">I0202460</subfield>
    <subfield code="0">(DHLAUTH)757180</subfield>
  </datafield>
  <datafield tag="992" ind1=" " ind2=" ">
    <subfield code="a">2009-09-30</subfield>
  </datafield>
  <datafield tag="993" ind1="2" ind2=" ">
    <subfield code="a">S/2009/489</subfield>
  </datafield>
  <datafield tag="993" ind1="4" ind2=" ">
    <subfield code="a">S/PV.6195</subfield>
  </datafield>
  <datafield tag="995" ind1=" " ind2=" ">
    <subfield code="a">Demands that all parties to armed conflict immediately take appropriate measures to protect civilians, including women and children, from all forms of sexual violence; requests that the UN Secretary-General appoint a Special Representative to provide coherent and strategic leadership, to work effectively to strengthen existing UN coordination mechanisms, and to engage in advocacy efforts, in order to address sexual violence in armed conflict, while promoting cooperation and coordination of efforts among all relevant stakeholders, primarily through the inter-agency initiative "United Nations Action Against Sexual Violence in Conflict"; calls upon the Secretary-General to identify and take the appropriate measures to deploy rapidly a team of experts to situations of particular concern with respect to sexual violence in armed conflict; decides to include specific provisions, as appropriate, for the protection of women and children from rape and other sexual violence in the mandates of UN peacekeeping operations, including, on a case-by-case basis, the identification of women's protection advisers (WPAs) among gender advisers and human rights protection units, and requests the Secretary-General to ensure that the need for, and the number and roles of WPAs are systematically assessed during the preparation of each UN peacekeeping operation; requests the Secretary-General to ensure that technical support is provided to troop and police contributing countries; requests the Secretary-General to continue and strengthen efforts to implement the policy of zero tolerance of sexual exploitation and abuse in UN peacekeeping operations; requests that the Secretary-General ensure more systematic reporting on incidents of trends, emerging patterns of attack, and early warning indicators of the use of sexual violence in armed conflict in all relevant reports to the Council; decides to review the mandates of the Special Representative and the Team of Experts within two years, and as appropriate thereafter.</subfield>
  </datafield>
  <datafield tag="996" ind1=" " ind2=" ">
    <subfield code="a">Adopted unanimously, 6195th meeting</subfield>
  </datafield>
  <datafield tag="998" ind1=" " ind2=" ">
    <subfield code="a">20091002100900</subfield>
    <subfield code="b">pnser</subfield>
    <subfield code="c">20220718165700</subfield>
    <subfield code="d">jccat2</subfield>
    <subfield code="x">0x00010000c778c018</subfield>
    <subfield code="z">20220719161615</subfield>
  </datafield>
  <datafield tag="999" ind1=" " ind2=" ">
    <subfield code="a">TTr20091005</subfield>
    <subfield code="b">20091005</subfield>
    <subfield code="c">r</subfield>
  </datafield>
  <datafield tag="999" ind1=" " ind2=" ">
    <subfield code="a">pnq20091002</subfield>
    <subfield code="b">20091002</subfield>
    <subfield code="c">q</subfield>
  </datafield>
  <datafield tag="999" ind1=" " ind2=" ">
    <subfield code="a">slt20091002</subfield>
    <subfield code="b">20091002</subfield>
    <subfield code="c">t</subfield>
  </datafield>
  <datafield tag="999" ind1=" " ind2=" ">
    <subfield code="a">vwc20091002</subfield>
    <subfield code="b">20091002</subfield>
    <subfield code="c">c</subfield>
  </datafield>
  <datafield tag="999" ind1=" " ind2=" ">
    <subfield code="a">kru20091012</subfield>
    <subfield code="b">20091012</subfield>
    <subfield code="c">u</subfield>
  </datafield>
  <datafield tag="999" ind1=" " ind2=" ">
    <subfield code="a">vvu20230411</subfield>
    <subfield code="b">202330411</subfield>
    <subfield code="c">u</subfield>
  </datafield>
</record>