
<record>
  <controlfield tag="000">00433nam a2200205#a 4500</controlfield>
  <controlfield tag="001">590856</controlfield>
  <controlfield tag="005">20190821155422.0</controlfield>
  <controlfield tag="008">070115s2007    usa    #r     00010 eng d</controlfield>
  <datafield tag="029" ind1=" " ind2=" ">
    <subfield code="a">JN</subfield>
    <subfield code="b">N0666884 E</subfield>
  </datafield>
  <datafield tag="035" ind1=" " ind2=" ">
    <subfield code="a">D822893X</subfield>
    <subfield code="z">D0340869</subfield>
  </datafield>
  <datafield tag="035" ind1=" " ind2=" ">
    <subfield code="a">(DHL)822893</subfield>
  </datafield>
  <datafield tag="039" ind1=" " ind2=" ">
    <subfield code="a">DHU</subfield>
  </datafield>
  <datafield tag="040" ind1=" " ind2=" ">
    <subfield code="a">NNUN</subfield>
    <subfield code="b">eng</subfield>
  </datafield>
  <datafield tag="041" ind1="0" ind2=" ">
    <subfield code="a">arachiengfrerusspa </subfield>
  </datafield>
  <datafield tag="049" ind1=" " ind2=" ">
    <subfield code="a">usa</subfield>
  </datafield>
  <datafield tag="089" ind1=" " ind2=" ">
    <subfield code="b">B16</subfield>
  </datafield>
  <datafield tag="089" ind1=" " ind2=" ">
    <subfield code="b">B10</subfield>
  </datafield>
  <datafield tag="089" ind1=" " ind2=" ">
    <subfield code="b">A08</subfield>
  </datafield>
  <datafield tag="091" ind1=" " ind2=" ">
    <subfield code="a">GEN</subfield>
  </datafield>
  <datafield tag="099" ind1=" " ind2=" ">
    <subfield code="a">UNH</subfield>
    <subfield code="b">DHU</subfield>
  </datafield>
  <datafield tag="191" ind1=" " ind2=" ">
    <subfield code="a">A/61/645</subfield>
    <subfield code="b">A/</subfield>
    <subfield code="c">61</subfield>
    <subfield code="9">G00</subfield>
    <subfield code="f">4.0052</subfield>
    <subfield code="q">A61645</subfield>
    <subfield code="r">A61</subfield>
    <subfield code="0">(DHLAUTH)703774</subfield>
  </datafield>
  <datafield tag="245" ind1="1" ind2="0">
    <subfield code="a">Making the standards contained in the Secretary-General's bulletin binding on contingent members and standardizing the norms of conduct so that they are applicable to all categories of peacekeeping personnel :</subfield>
    <subfield code="b">note /</subfield>
    <subfield code="c">by the Secretary-General</subfield>
  </datafield>
  <datafield tag="260" ind1=" " ind2=" ">
    <subfield code="a">[New York] :</subfield>
    <subfield code="b">UN,</subfield>
    <subfield code="c">18 Dec. 2006</subfield>
  </datafield>
  <datafield tag="269" ind1=" " ind2=" ">
    <subfield code="a">2006-12-18</subfield>
  </datafield>
  <datafield tag="300" ind1=" " ind2=" ">
    <subfield code="a">25 p.</subfield>
  </datafield>
  <datafield tag="500" ind1=" " ind2=" ">
    <subfield code="a">Annexes (p. 19-25): 1. Terms of reference of the Group of Legal Experts -- 2. Standards of conduct for UN peacekeeping personnel -- 3. We are UN Peacekeeping Personnel -- 4. Code of Personal Conduct for UN Peacekeeping Personnel.</subfield>
  </datafield>
  <datafield tag="520" ind1=" " ind2=" ">
    <subfield code="a">Transmits report of the Group of Legal Experts on making the standards contained in the Secretary-General's bulletin binding on contingent members and standardizing the norms of conduct so that they are applicable to all categories of peacekeeping personnel.</subfield>
  </datafield>
  <datafield tag="610" ind1="2" ind2="4">
    <subfield code="a">UN. Group of Legal Experts on Making the Standards Contained in the Secretary-General's Bulletin Binding on Contingent Members and Standardizing the Norms of Conduct so that They are Applicable to All Categories of Peacekeeping Personnel</subfield>
    <subfield code="0">(DHLAUTH)720588</subfield>
  </datafield>
  <datafield tag="610" ind1="2" ind2="4">
    <subfield code="a">UN. Group of Legal Experts on Making the Standards Contained in the Secretary-General's Bulletin Binding on Contingent Members and Standardizing the Norms of Conduct so that They are Applicable to All Categories of Peacekeeping Personnel</subfield>
    <subfield code="g">Terms of reference</subfield>
    <subfield code="0">(DHLAUTH)720590</subfield>
  </datafield>
  <datafield tag="610" ind1="2" ind2="4">
    <subfield code="a">UN</subfield>
    <subfield code="g">Personnel questions</subfield>
    <subfield code="0">(DHLAUTH)305993</subfield>
  </datafield>
  <datafield tag="610" ind1="2" ind2="7">
    <subfield code="a">UN Volunteers</subfield>
    <subfield code="2">unbisn</subfield>
    <subfield code="0">(DHLAUTH)52569</subfield>
  </datafield>
  <datafield tag="610" ind1="2" ind2="7">
    <subfield code="a">UN. Department of Peacekeeping Operations</subfield>
    <subfield code="2">unbisn</subfield>
    <subfield code="0">(DHLAUTH)54500</subfield>
  </datafield>
  <datafield tag="610" ind1="2" ind2="7">
    <subfield code="a">UN. Office of Legal Affairs</subfield>
    <subfield code="2">unbisn</subfield>
    <subfield code="0">(DHLAUTH)22181</subfield>
  </datafield>
  <datafield tag="630" ind1="0" ind2="7">
    <subfield code="a">Charter of the United Nations (1945)</subfield>
    <subfield code="2">unbisn</subfield>
    <subfield code="0">(DHLAUTH)43312</subfield>
  </datafield>
  <datafield tag="630" ind1="0" ind2="7">
    <subfield code="a">Staff Rules of the United Nations</subfield>
    <subfield code="2">unbisn</subfield>
    <subfield code="0">(DHLAUTH)44009</subfield>
  </datafield>
  <datafield tag="630" ind1="0" ind2="7">
    <subfield code="a">Staff Regulations of the United Nations</subfield>
    <subfield code="2">unbisn</subfield>
    <subfield code="0">(DHLAUTH)44011</subfield>
  </datafield>
  <datafield tag="630" ind1="0" ind2="7">
    <subfield code="a">Ten Rules : Code of Personal Conduct for Blue Helmets (1997)</subfield>
    <subfield code="2">unbisn</subfield>
    <subfield code="0">(DHLAUTH)604708</subfield>
  </datafield>
  <datafield tag="630" ind1="0" ind2="7">
    <subfield code="a">Code of Conduct for United Nations Peacekeeping Personnel (Proposed)</subfield>
    <subfield code="2">unbisn</subfield>
    <subfield code="0">(DHLAUTH)720592</subfield>
  </datafield>
  <datafield tag="650" ind1="1" ind2="7">
    <subfield code="a">PEACEKEEPING OPERATIONS</subfield>
    <subfield code="2">unbist</subfield>
    <subfield code="0">(DHLAUTH)474428</subfield>
  </datafield>
  <datafield tag="650" ind1="1" ind2="7">
    <subfield code="a">STANDARDS OF CONDUCT</subfield>
    <subfield code="2">unbist</subfield>
    <subfield code="0">(DHLAUTH)268649</subfield>
  </datafield>
  <datafield tag="650" ind1="1" ind2="7">
    <subfield code="a">SEXUAL HARASSMENT</subfield>
    <subfield code="2">unbist</subfield>
    <subfield code="0">(DHLAUTH)274443</subfield>
  </datafield>
  <datafield tag="650" ind1="1" ind2="7">
    <subfield code="a">SEX CRIMES</subfield>
    <subfield code="2">unbist</subfield>
    <subfield code="0">(DHLAUTH)273132</subfield>
  </datafield>
  <datafield tag="650" ind1="1" ind2="7">
    <subfield code="a">MILITARY PERSONNEL</subfield>
    <subfield code="2">unbist</subfield>
    <subfield code="0">(DHLAUTH)268838</subfield>
  </datafield>
  <datafield tag="650" ind1="1" ind2="7">
    <subfield code="a">STANDARDS</subfield>
    <subfield code="2">unbist</subfield>
    <subfield code="0">(DHLAUTH)271959</subfield>
  </datafield>
  <datafield tag="650" ind1="2" ind2="7">
    <subfield code="a">TROOP-CONTRIBUTING STATES</subfield>
    <subfield code="2">unbist</subfield>
    <subfield code="0">(DHLAUTH)268938</subfield>
  </datafield>
  <datafield tag="650" ind1="2" ind2="7">
    <subfield code="a">CODES OF CONDUCT</subfield>
    <subfield code="2">unbist</subfield>
    <subfield code="0">(DHLAUTH)275793</subfield>
  </datafield>
  <datafield tag="650" ind1="2" ind2="7">
    <subfield code="a">PRIVILEGES AND IMMUNITIES</subfield>
    <subfield code="2">unbist</subfield>
    <subfield code="0">(DHLAUTH)269351</subfield>
  </datafield>
  <datafield tag="650" ind1="2" ind2="7">
    <subfield code="a">CRIMINAL JURISDICTION</subfield>
    <subfield code="2">unbist</subfield>
    <subfield code="0">(DHLAUTH)269247</subfield>
  </datafield>
  <datafield tag="650" ind1="2" ind2="7">
    <subfield code="a">GROUPS OF EXPERTS</subfield>
    <subfield code="2">unbist</subfield>
    <subfield code="0">(DHLAUTH)269944</subfield>
  </datafield>
  <datafield tag="650" ind1="2" ind2="7">
    <subfield code="a">FIELD STAFF</subfield>
    <subfield code="2">unbist</subfield>
    <subfield code="0">(DHLAUTH)268633</subfield>
  </datafield>
  <datafield tag="650" ind1="2" ind2="7">
    <subfield code="a">COOPERATION BETWEEN ORGANIZATIONS</subfield>
    <subfield code="2">unbist</subfield>
    <subfield code="0">(DHLAUTH)268652</subfield>
  </datafield>
  <datafield tag="650" ind1="2" ind2="7">
    <subfield code="a">INTER-AGENCY COOPERATION</subfield>
    <subfield code="2">unbist</subfield>
    <subfield code="0">(DHLAUTH)268578</subfield>
  </datafield>
  <datafield tag="710" ind1="2" ind2=" ">
    <subfield code="a">UN. Secretary-General</subfield>
    <subfield code="0">(DHLAUTH)10663</subfield>
  </datafield>
  <datafield tag="710" ind1="2" ind2=" ">
    <subfield code="a">UN. Group of Legal Experts on Making the Standards Contained in the Secretary-General's Bulletin Binding on Contingent Members and Standardizing the Norms of Conduct so that They are Applicable to All Categories of Peacekeeping Personnel</subfield>
    <subfield code="0">(DHLAUTH)720588</subfield>
  </datafield>
  <datafield tag="730" ind1="0" ind2=" ">
    <subfield code="a">Code of Conduct for United Nations Peacekeeping Personnel (Proposed)</subfield>
    <subfield code="0">(DHLAUTH)720592</subfield>
  </datafield>
  <datafield tag="740" ind1="0" ind2=" ">
    <subfield code="a">Report of the Group of Legal Experts on making the standards contained in the Secretary-General's bulletin binding on contingent members and standardizing the norms of conduct so that they are applicable to all categories of peacekeeping personnel</subfield>
  </datafield>
  <datafield tag="856" ind1="4" ind2=" ">
    <subfield code="y">العربية</subfield>
    <subfield code="s">276537</subfield>
    <subfield code="u">http://digitallibrary.un.org/record/590856/files/A_61_645-AR.pdf</subfield>
  </datafield>
  <datafield tag="856" ind1="4" ind2=" ">
    <subfield code="y">English</subfield>
    <subfield code="s">114308</subfield>
    <subfield code="u">http://digitallibrary.un.org/record/590856/files/A_61_645-EN.pdf</subfield>
  </datafield>
  <datafield tag="856" ind1="4" ind2=" ">
    <subfield code="y">Español</subfield>
    <subfield code="s">132077</subfield>
    <subfield code="u">http://digitallibrary.un.org/record/590856/files/A_61_645-ES.pdf</subfield>
  </datafield>
  <datafield tag="856" ind1="4" ind2=" ">
    <subfield code="y">Français</subfield>
    <subfield code="s">136606</subfield>
    <subfield code="u">http://digitallibrary.un.org/record/590856/files/A_61_645-FR.pdf</subfield>
  </datafield>
  <datafield tag="856" ind1="4" ind2=" ">
    <subfield code="y">Русский</subfield>
    <subfield code="s">398069</subfield>
    <subfield code="u">http://digitallibrary.un.org/record/590856/files/A_61_645-RU.pdf</subfield>
  </datafield>
  <datafield tag="856" ind1="4" ind2=" ">
    <subfield code="y">中文</subfield>
    <subfield code="s">299585</subfield>
    <subfield code="u">http://digitallibrary.un.org/record/590856/files/A_61_645-ZH.pdf</subfield>
  </datafield>
  <datafield tag="930" ind1=" " ind2=" ">
    <subfield code="a">UNDJA07</subfield>
  </datafield>
  <datafield tag="930" ind1=" " ind2=" ">
    <subfield code="a">UDIQ406</subfield>
    <subfield code="b">4.0052</subfield>
  </datafield>
  <datafield tag="949" ind1=" " ind2=" ">
    <subfield code="9">A/61/645</subfield>
    <subfield code="b">1441224.1.1</subfield>
    <subfield code="i">1441224</subfield>
    <subfield code="k">uncs</subfield>
    <subfield code="c">c. 1</subfield>
    <subfield code="l">DHL</subfield>
    <subfield code="z">t</subfield>
    <subfield code="m">14day</subfield>
    <subfield code="d">20070114190000</subfield>
  </datafield>
  <datafield tag="949" ind1=" " ind2=" ">
    <subfield code="9">A/61/645</subfield>
    <subfield code="b">1441228.5.1</subfield>
    <subfield code="i">1441228</subfield>
    <subfield code="k">unss</subfield>
    <subfield code="c">c. 1</subfield>
    <subfield code="l">DHL</subfield>
    <subfield code="z">t</subfield>
    <subfield code="m">14day</subfield>
    <subfield code="d">20070114190000</subfield>
  </datafield>
  <datafield tag="949" ind1=" " ind2=" ">
    <subfield code="9">A/61/645</subfield>
    <subfield code="b">1441226.3.1</subfield>
    <subfield code="i">1441226</subfield>
    <subfield code="k">unfs</subfield>
    <subfield code="c">c. 1</subfield>
    <subfield code="l">DHL</subfield>
    <subfield code="z">t</subfield>
    <subfield code="m">14day</subfield>
    <subfield code="d">20070114190000</subfield>
  </datafield>
  <datafield tag="949" ind1=" " ind2=" ">
    <subfield code="9">A/61/645</subfield>
    <subfield code="b">1441225.2.1</subfield>
    <subfield code="i">1441225</subfield>
    <subfield code="k">unes</subfield>
    <subfield code="c">c. 1</subfield>
    <subfield code="l">DHL</subfield>
    <subfield code="z">t</subfield>
    <subfield code="m">14day</subfield>
    <subfield code="d">20070114190000</subfield>
  </datafield>
  <datafield tag="949" ind1=" " ind2=" ">
    <subfield code="9">A/61/645</subfield>
    <subfield code="b">1441227.4.1</subfield>
    <subfield code="i">1441227</subfield>
    <subfield code="k">unrs</subfield>
    <subfield code="c">c. 1</subfield>
    <subfield code="l">DHL</subfield>
    <subfield code="z">t</subfield>
    <subfield code="m">14day</subfield>
    <subfield code="d">20070114190000</subfield>
  </datafield>
  <datafield tag="949" ind1=" " ind2=" ">
    <subfield code="9">A/61/645</subfield>
    <subfield code="b">10000008228931</subfield>
    <subfield code="i">1441223</subfield>
    <subfield code="k">unas</subfield>
    <subfield code="c">c. 1</subfield>
    <subfield code="l">DHL</subfield>
    <subfield code="z">t</subfield>
    <subfield code="m">14day</subfield>
    <subfield code="d">20070114190000</subfield>
  </datafield>
  <datafield tag="980" ind1=" " ind2=" ">
    <subfield code="a">BIB</subfield>
  </datafield>
  <datafield tag="981" ind1=" " ind2=" ">
    <subfield code="a">General Assembly</subfield>
    <subfield code="b">General Assembly Plenary</subfield>
  </datafield>
  <datafield tag="989" ind1=" " ind2=" ">
    <subfield code="a">Documents and Publications</subfield>
    <subfield code="b">Reports</subfield>
  </datafield>
  <datafield tag="991" ind1="1" ind2=" ">
    <subfield code="a">A/61/251</subfield>
    <subfield code="b">33</subfield>
    <subfield code="c">Comprehensive review of the whole question of peacekeeping operations in all their aspects.</subfield>
    <subfield code="d">PEACEKEEPING OPERATIONS</subfield>
    <subfield code="z">I0160518</subfield>
    <subfield code="0">(DHLAUTH)703919</subfield>
  </datafield>
  <datafield tag="998" ind1=" " ind2=" ">
    <subfield code="a">20070115045500</subfield>
    <subfield code="b">dgcat</subfield>
    <subfield code="c">20190821062200</subfield>
    <subfield code="d">vvcat</subfield>
    <subfield code="z">20190821154828</subfield>
  </datafield>
  <datafield tag="999" ind1=" " ind2=" ">
    <subfield code="a">pgt20070115</subfield>
    <subfield code="b">20070115</subfield>
    <subfield code="c">t</subfield>
  </datafield>
  <datafield tag="999" ind1=" " ind2=" ">
    <subfield code="a">ttc20070115</subfield>
    <subfield code="b">20070215</subfield>
    <subfield code="c">c</subfield>
  </datafield>
  <datafield tag="999" ind1=" " ind2=" ">
    <subfield code="a">dgq20070115</subfield>
    <subfield code="b">20070215</subfield>
    <subfield code="c">q</subfield>
  </datafield>
  <datafield tag="999" ind1=" " ind2=" ">
    <subfield code="a">TAr20070115</subfield>
    <subfield code="b">20070115</subfield>
    <subfield code="c">r</subfield>
  </datafield>
</record>