
<record>
  <controlfield tag="001">610673</controlfield>
  <controlfield tag="005">20200915111624.0</controlfield>
  <datafield tag="035" ind1=" " ind2=" ">
    <subfield code="a">D844972X</subfield>
    <subfield code="z">D0347949</subfield>
  </datafield>
  <datafield tag="035" ind1=" " ind2=" ">
    <subfield code="a">(DHL)844972</subfield>
  </datafield>
  <datafield tag="039" ind1=" " ind2=" ">
    <subfield code="a">DHU</subfield>
  </datafield>
  <datafield tag="040" ind1=" " ind2=" ">
    <subfield code="a">NNUN</subfield>
    <subfield code="b">eng</subfield>
  </datafield>
  <datafield tag="041" ind1="0" ind2=" ">
    <subfield code="a">eng</subfield>
  </datafield>
  <datafield tag="049" ind1=" " ind2=" ">
    <subfield code="a">usa</subfield>
  </datafield>
  <datafield tag="089" ind1=" " ind2=" ">
    <subfield code="b">B20</subfield>
  </datafield>
  <datafield tag="091" ind1=" " ind2=" ">
    <subfield code="a">GER</subfield>
  </datafield>
  <datafield tag="191" ind1=" " ind2=" ">
    <subfield code="a">[ST/DPI/PRESS/]DSG/SM/338</subfield>
    <subfield code="b">ST/DPI/PRESS/DSG/SM/</subfield>
    <subfield code="q">STDPIPRESSDSGSM338</subfield>
    <subfield code="r">STDPIPRESSDSGSM</subfield>
    <subfield code="0">(DHLAUTH)453434</subfield>
  </datafield>
  <datafield tag="191" ind1=" " ind2=" ">
    <subfield code="b">***</subfield>
    <subfield code="z">DSG/SM/338</subfield>
    <subfield code="q">DSGSM338</subfield>
    <subfield code="0">(DHLAUTH)325910</subfield>
  </datafield>
  <datafield tag="191" ind1=" " ind2=" ">
    <subfield code="a">[ST/DPI/PRESS/]PKO/169</subfield>
    <subfield code="b">ST/DPI/PRESS/PKO/</subfield>
    <subfield code="q">STDPIPRESSPKO169</subfield>
    <subfield code="r">STDPIPRESSPKO</subfield>
    <subfield code="0">(DHLAUTH)452556</subfield>
  </datafield>
  <datafield tag="191" ind1=" " ind2=" ">
    <subfield code="b">***</subfield>
    <subfield code="z">PKO/169</subfield>
    <subfield code="q">PKO169</subfield>
    <subfield code="0">(DHLAUTH)325910</subfield>
  </datafield>
  <datafield tag="245" ind1="1" ind2="0">
    <subfield code="a">Men and women of United Nations Lebanon Mission illustrate 'what is most noble' about peacekeeping, says Deputy Secretary-General in New York remarks:</subfield>
    <subfield code="b">[remarks, Opening of an exhibition on the United Nations Interim Force in Lebanon (UNIFIL), New York, 6 September 2007] /</subfield>
    <subfield code="c">[by the UN Deputy Secretary-General]</subfield>
  </datafield>
  <datafield tag="260" ind1=" " ind2=" ">
    <subfield code="a">New York :</subfield>
    <subfield code="b">UN Dept. of Public Information,</subfield>
    <subfield code="c">7 September 2007</subfield>
  </datafield>
  <datafield tag="269" ind1=" " ind2=" ">
    <subfield code="a">2007-09-07</subfield>
  </datafield>
  <datafield tag="300" ind1=" " ind2=" ">
    <subfield code="a">[1] p.</subfield>
  </datafield>
  <datafield tag="610" ind1="2" ind2="7">
    <subfield code="a">UN Interim Force in Lebanon</subfield>
    <subfield code="2">unbisn</subfield>
    <subfield code="0">(DHLAUTH)19635</subfield>
  </datafield>
  <datafield tag="650" ind1="1" ind2="7">
    <subfield code="a">PEACEKEEPING OPERATIONS</subfield>
    <subfield code="2">unbist</subfield>
    <subfield code="0">(DHLAUTH)474428</subfield>
  </datafield>
  <datafield tag="650" ind1="1" ind2="7">
    <subfield code="a">LEBANON</subfield>
    <subfield code="2">unbist</subfield>
    <subfield code="0">(DHLAUTH)269069</subfield>
  </datafield>
  <datafield tag="700" ind1="1" ind2=" ">
    <subfield code="a">Migiro, Asha-Rose Mtengeti</subfield>
    <subfield code="0">(DHLAUTH)199215</subfield>
  </datafield>
  <datafield tag="710" ind1="2" ind2=" ">
    <subfield code="a">UN. Deputy Secretary-General</subfield>
    <subfield code="0">(DHLAUTH)480291</subfield>
  </datafield>
  <datafield tag="830" ind1="0" ind2=" ">
    <subfield code="a">UN Press Release. Deputy Secretary-General. Statement</subfield>
    <subfield code="0">(DHLAUTH)910908</subfield>
  </datafield>
  <datafield tag="856" ind1=" " ind2=" ">
    <subfield code="3">English</subfield>
    <subfield code="q">HTML </subfield>
    <subfield code="u">https://www.un.org/press/en/2007/dsgsm338.doc.htm</subfield>
  </datafield>
  <datafield tag="930" ind1=" " ind2=" ">
    <subfield code="a">UNDSE07</subfield>
  </datafield>
  <datafield tag="930" ind1=" " ind2=" ">
    <subfield code="a">SGS</subfield>
  </datafield>
  <datafield tag="980" ind1=" " ind2=" ">
    <subfield code="a">BIB</subfield>
  </datafield>
  <datafield tag="981" ind1=" " ind2=" ">
    <subfield code="a">Secretariat</subfield>
  </datafield>
  <datafield tag="989" ind1=" " ind2=" ">
    <subfield code="a">Documents and Publications</subfield>
    <subfield code="b">Press Releases</subfield>
  </datafield>
  <datafield tag="998" ind1=" " ind2=" ">
    <subfield code="a">20071031152900</subfield>
    <subfield code="b">pnser</subfield>
    <subfield code="c">20200915110800</subfield>
    <subfield code="d">ffcat1</subfield>
    <subfield code="x">0x00010000c13c82e3</subfield>
    <subfield code="z">20200915151236</subfield>
  </datafield>
  <datafield tag="999" ind1=" " ind2=" ">
    <subfield code="a">ffc20200915</subfield>
    <subfield code="b">20200915</subfield>
    <subfield code="c">c</subfield>
  </datafield>
  <datafield tag="999" ind1=" " ind2=" ">
    <subfield code="a">TTr20071129</subfield>
    <subfield code="b">20071129</subfield>
    <subfield code="c">r</subfield>
  </datafield>
  <datafield tag="999" ind1=" " ind2=" ">
    <subfield code="a">pnq20071031</subfield>
    <subfield code="b">20071031</subfield>
    <subfield code="c">q</subfield>
  </datafield>
  <datafield tag="999" ind1=" " ind2=" ">
    <subfield code="a">yllc20071128</subfield>
    <subfield code="b">20071128</subfield>
    <subfield code="c">c</subfield>
  </datafield>
</record>