
<record>
  <controlfield tag="000">00433nam a2200205#a 4500</controlfield>
  <controlfield tag="001">544623</controlfield>
  <controlfield tag="005">20210716101007.0</controlfield>
  <controlfield tag="008">050331c2005    usa    #r     00010 eng d</controlfield>
  <datafield tag="029" ind1=" " ind2=" ">
    <subfield code="a">JN</subfield>
    <subfield code="b">N0526493 E</subfield>
  </datafield>
  <datafield tag="035" ind1=" " ind2=" ">
    <subfield code="a">D770515X</subfield>
    <subfield code="z">D0318047</subfield>
  </datafield>
  <datafield tag="035" ind1=" " ind2=" ">
    <subfield code="a">(DHL)770515</subfield>
  </datafield>
  <datafield tag="039" ind1=" " ind2=" ">
    <subfield code="a">DHU</subfield>
  </datafield>
  <datafield tag="040" ind1=" " ind2=" ">
    <subfield code="a">NNUN</subfield>
    <subfield code="b">eng</subfield>
  </datafield>
  <datafield tag="041" ind1="0" ind2=" ">
    <subfield code="a">arachiengfrerusspa</subfield>
  </datafield>
  <datafield tag="049" ind1=" " ind2=" ">
    <subfield code="a">usa</subfield>
  </datafield>
  <datafield tag="089" ind1=" " ind2=" ">
    <subfield code="b">B02</subfield>
  </datafield>
  <datafield tag="091" ind1=" " ind2=" ">
    <subfield code="a">LTD</subfield>
  </datafield>
  <datafield tag="099" ind1=" " ind2=" ">
    <subfield code="a">UNH</subfield>
    <subfield code="b">DHU</subfield>
  </datafield>
  <datafield tag="191" ind1=" " ind2=" ">
    <subfield code="a">E/CN.6/2005/L.3/Rev.1</subfield>
    <subfield code="b">E/CN.6/</subfield>
    <subfield code="c">49</subfield>
    <subfield code="f">4.1732</subfield>
    <subfield code="q">ECN62005L3REV1</subfield>
    <subfield code="r">ECN649</subfield>
    <subfield code="0">(DHLAUTH)681034</subfield>
  </datafield>
  <datafield tag="245" ind1="1" ind2="0">
    <subfield code="a">Eliminating demand for trafficked women and girls for all forms of exploitation :</subfield>
    <subfield code="b">revised draft resolution /</subfield>
    <subfield code="c">United States of America</subfield>
  </datafield>
  <datafield tag="260" ind1=" " ind2=" ">
    <subfield code="a">[New York] :</subfield>
    <subfield code="b">UN,</subfield>
    <subfield code="c">10 Mar. 2005</subfield>
  </datafield>
  <datafield tag="269" ind1=" " ind2=" ">
    <subfield code="a">2005-03-10</subfield>
  </datafield>
  <datafield tag="300" ind1=" " ind2=" ">
    <subfield code="a">3 p.</subfield>
  </datafield>
  <datafield tag="630" ind1="7" ind2=" ">
    <subfield code="a">Protocol to Prevent, Suppress and Punish Trafficking in Persons, Especially Women and Children, supplementing the United Nations Convention against Transnational Organized Crime (2000)</subfield>
    <subfield code="2">unbisn</subfield>
    <subfield code="0">(DHLAUTH)533630</subfield>
  </datafield>
  <datafield tag="650" ind1="1" ind2="7">
    <subfield code="a">WOMEN</subfield>
    <subfield code="2">unbist</subfield>
    <subfield code="0">(DHLAUTH)273032</subfield>
  </datafield>
  <datafield tag="650" ind1="1" ind2="7">
    <subfield code="a">GIRLS</subfield>
    <subfield code="2">unbist</subfield>
    <subfield code="0">(DHLAUTH)272930</subfield>
  </datafield>
  <datafield tag="650" ind1="1" ind2="7">
    <subfield code="a">TRAFFICKING IN PERSONS</subfield>
    <subfield code="2">unbist</subfield>
    <subfield code="0">(DHLAUTH)610025</subfield>
  </datafield>
  <datafield tag="650" ind1="1" ind2="7">
    <subfield code="a">FORCED PROSTITUTION</subfield>
    <subfield code="2">unbist</subfield>
    <subfield code="0">(DHLAUTH)274464</subfield>
  </datafield>
  <datafield tag="650" ind1="1" ind2="7">
    <subfield code="a">FORCED MARRIAGE</subfield>
    <subfield code="2">unbist</subfield>
    <subfield code="0">(DHLAUTH)550306</subfield>
  </datafield>
  <datafield tag="650" ind1="2" ind2="7">
    <subfield code="a">WOMEN'S RIGHTS</subfield>
    <subfield code="2">unbist</subfield>
    <subfield code="0">(DHLAUTH)273161</subfield>
  </datafield>
  <datafield tag="650" ind1="2" ind2="7">
    <subfield code="a">GENDER-BASED VIOLENCE</subfield>
    <subfield code="2">unbist</subfield>
    <subfield code="0">(DHLAUTH)276684</subfield>
  </datafield>
  <datafield tag="650" ind1="2" ind2="7">
    <subfield code="a">POVERTY</subfield>
    <subfield code="2">unbist</subfield>
    <subfield code="0">(DHLAUTH)270079</subfield>
  </datafield>
  <datafield tag="650" ind1="2" ind2="7">
    <subfield code="a">COOPERATION BETWEEN ORGANIZATIONS</subfield>
    <subfield code="2">unbist</subfield>
    <subfield code="0">(DHLAUTH)268652</subfield>
  </datafield>
  <datafield tag="650" ind1="2" ind2="7">
    <subfield code="a">LAW ENFORCEMENT</subfield>
    <subfield code="2">unbist</subfield>
    <subfield code="0">(DHLAUTH)274592</subfield>
  </datafield>
  <datafield tag="650" ind1="2" ind2="7">
    <subfield code="a">JUDICIAL ASSISTANCE</subfield>
    <subfield code="2">unbist</subfield>
    <subfield code="0">(DHLAUTH)269300</subfield>
  </datafield>
  <datafield tag="650" ind1="2" ind2="7">
    <subfield code="a">CIVIL SOCIETY</subfield>
    <subfield code="2">unbist</subfield>
    <subfield code="0">(DHLAUTH)479996</subfield>
  </datafield>
  <datafield tag="650" ind1="2" ind2="7">
    <subfield code="a">PUBLIC INFORMATION</subfield>
    <subfield code="2">unbist</subfield>
    <subfield code="0">(DHLAUTH)268517</subfield>
  </datafield>
  <datafield tag="650" ind1="2" ind2="7">
    <subfield code="a">SEX TOURISM</subfield>
    <subfield code="2">unbist</subfield>
    <subfield code="0">(DHLAUTH)276613</subfield>
  </datafield>
  <datafield tag="650" ind1="2" ind2="7">
    <subfield code="a">HIV/AIDS</subfield>
    <subfield code="2">unbist</subfield>
    <subfield code="0">(DHLAUTH)273866</subfield>
  </datafield>
  <datafield tag="650" ind1="2" ind2="7">
    <subfield code="a">INTERNET</subfield>
    <subfield code="2">unbist</subfield>
    <subfield code="0">(DHLAUTH)438931</subfield>
  </datafield>
  <datafield tag="650" ind1="2" ind2="7">
    <subfield code="a">CODES OF CONDUCT</subfield>
    <subfield code="2">unbist</subfield>
    <subfield code="0">(DHLAUTH)275793</subfield>
  </datafield>
  <datafield tag="650" ind1="2" ind2="7">
    <subfield code="a">TRAINING PROGRAMMES</subfield>
    <subfield code="2">unbist</subfield>
    <subfield code="0">(DHLAUTH)274026</subfield>
  </datafield>
  <datafield tag="650" ind1="2" ind2="7">
    <subfield code="a">PEACEKEEPING OPERATIONS</subfield>
    <subfield code="2">unbist</subfield>
    <subfield code="0">(DHLAUTH)474428</subfield>
  </datafield>
  <datafield tag="710" ind1="2" ind2=" ">
    <subfield code="a">United States</subfield>
    <subfield code="9">ms</subfield>
    <subfield code="0">(DHLAUTH)28824</subfield>
  </datafield>
  <datafield tag="856" ind1="4" ind2=" ">
    <subfield code="y">العربية</subfield>
    <subfield code="9">f9f25ba7-9c82-4274-af62-701af7bad173</subfield>
    <subfield code="s">113399</subfield>
    <subfield code="u">https://digitallibrary.un.org/record/544623/files/E_CN.6_2005_L.3_Rev.1-AR.pdf</subfield>
  </datafield>
  <datafield tag="856" ind1="4" ind2=" ">
    <subfield code="y">English</subfield>
    <subfield code="9">01d6c198-bf9e-47ac-881e-04d73f5ec529</subfield>
    <subfield code="s">31179</subfield>
    <subfield code="u">https://digitallibrary.un.org/record/544623/files/E_CN.6_2005_L.3_Rev.1-EN.pdf</subfield>
  </datafield>
  <datafield tag="856" ind1="4" ind2=" ">
    <subfield code="y">Español</subfield>
    <subfield code="9">1cb536f0-6ed0-4ffb-af93-254c27b58de8</subfield>
    <subfield code="s">119859</subfield>
    <subfield code="u">https://digitallibrary.un.org/record/544623/files/E_CN.6_2005_L.3_Rev.1-ES.pdf</subfield>
  </datafield>
  <datafield tag="856" ind1="4" ind2=" ">
    <subfield code="y">Français</subfield>
    <subfield code="9">87a82604-9459-47d8-8209-4d6761fef073</subfield>
    <subfield code="s">40597</subfield>
    <subfield code="u">https://digitallibrary.un.org/record/544623/files/E_CN.6_2005_L.3_Rev.1-FR.pdf</subfield>
  </datafield>
  <datafield tag="856" ind1="4" ind2=" ">
    <subfield code="y">Русский</subfield>
    <subfield code="9">b308cae5-7b3e-4b8b-9033-f117b753ae6d</subfield>
    <subfield code="s">169073</subfield>
    <subfield code="u">https://digitallibrary.un.org/record/544623/files/E_CN.6_2005_L.3_Rev.1-RU.pdf</subfield>
  </datafield>
  <datafield tag="856" ind1="4" ind2=" ">
    <subfield code="y">中文</subfield>
    <subfield code="9">f9036325-1519-4ce3-b952-3cab23539d44</subfield>
    <subfield code="s">176166</subfield>
    <subfield code="u">https://digitallibrary.un.org/record/544623/files/E_CN.6_2005_L.3_Rev.1-ZH.pdf</subfield>
  </datafield>
  <datafield tag="930" ind1=" " ind2=" ">
    <subfield code="a">UNDAP05</subfield>
  </datafield>
  <datafield tag="930" ind1=" " ind2=" ">
    <subfield code="a">UDIQ404</subfield>
    <subfield code="b">4.1732</subfield>
  </datafield>
  <datafield tag="949" ind1=" " ind2=" ">
    <subfield code="9">E/CN.6/2005/L.3/Rev.1</subfield>
    <subfield code="b">1288847.5.1</subfield>
    <subfield code="i">1288847</subfield>
    <subfield code="k">uncs</subfield>
    <subfield code="c">c. 1</subfield>
    <subfield code="l">DHL</subfield>
    <subfield code="z">t</subfield>
    <subfield code="m">14day</subfield>
    <subfield code="d">20050331000000</subfield>
  </datafield>
  <datafield tag="949" ind1=" " ind2=" ">
    <subfield code="9">E/CN.6/2005/L.3/Rev.1</subfield>
    <subfield code="b">1288845.3.1</subfield>
    <subfield code="i">1288845</subfield>
    <subfield code="k">unrs</subfield>
    <subfield code="c">c. 1</subfield>
    <subfield code="l">DHL</subfield>
    <subfield code="z">t</subfield>
    <subfield code="m">14day</subfield>
    <subfield code="d">20050331000000</subfield>
  </datafield>
  <datafield tag="949" ind1=" " ind2=" ">
    <subfield code="9">E/CN.6/2005/L.3/Rev.1</subfield>
    <subfield code="b">1288846.4.1</subfield>
    <subfield code="i">1288846</subfield>
    <subfield code="k">unas</subfield>
    <subfield code="c">c. 1</subfield>
    <subfield code="l">DHL</subfield>
    <subfield code="z">t</subfield>
    <subfield code="m">14day</subfield>
    <subfield code="d">20050331000000</subfield>
  </datafield>
  <datafield tag="949" ind1=" " ind2=" ">
    <subfield code="9">E/CN.6/2005/L.3/Rev.1</subfield>
    <subfield code="b">1288844.2.1</subfield>
    <subfield code="i">1288844</subfield>
    <subfield code="k">unss</subfield>
    <subfield code="c">c. 1</subfield>
    <subfield code="l">DHL</subfield>
    <subfield code="z">t</subfield>
    <subfield code="m">14day</subfield>
    <subfield code="d">20050331000000</subfield>
  </datafield>
  <datafield tag="949" ind1=" " ind2=" ">
    <subfield code="9">E/CN.6/2005/L.3/Rev.1</subfield>
    <subfield code="b">1288843.1.1</subfield>
    <subfield code="i">1288843</subfield>
    <subfield code="k">unfs</subfield>
    <subfield code="c">c. 1</subfield>
    <subfield code="l">DHL</subfield>
    <subfield code="z">t</subfield>
    <subfield code="m">14day</subfield>
    <subfield code="d">20050331000000</subfield>
  </datafield>
  <datafield tag="949" ind1=" " ind2=" ">
    <subfield code="9">E/CN.6/2005/L.3/Rev.1</subfield>
    <subfield code="b">10000007705151</subfield>
    <subfield code="i">1288837</subfield>
    <subfield code="k">unes</subfield>
    <subfield code="c">c. 1</subfield>
    <subfield code="l">DHL</subfield>
    <subfield code="z">t</subfield>
    <subfield code="m">14day</subfield>
    <subfield code="d">20050331000000</subfield>
  </datafield>
  <datafield tag="980" ind1=" " ind2=" ">
    <subfield code="a">BIB</subfield>
  </datafield>
  <datafield tag="981" ind1=" " ind2=" ">
    <subfield code="a">Economic and Social Council</subfield>
  </datafield>
  <datafield tag="989" ind1=" " ind2=" ">
    <subfield code="a">Documents and Publications</subfield>
    <subfield code="b">Draft Resolutions and Decisions</subfield>
  </datafield>
  <datafield tag="991" ind1=" " ind2=" ">
    <subfield code="a">E/CN.6/2005/1</subfield>
    <subfield code="b">3a</subfield>
    <subfield code="c">Review of gender mainstreaming in entities of the United Nations System.</subfield>
    <subfield code="0">(DHLAUTH)681654</subfield>
  </datafield>
  <datafield tag="998" ind1=" " ind2=" ">
    <subfield code="a">20050331150900</subfield>
    <subfield code="b">nmcs</subfield>
    <subfield code="c">20210714154500</subfield>
    <subfield code="d">sh35cat</subfield>
    <subfield code="x">0x00010000c3d4f2ce</subfield>
    <subfield code="z">20210715124252</subfield>
  </datafield>
  <datafield tag="999" ind1=" " ind2=" ">
    <subfield code="a">mvc20050406</subfield>
    <subfield code="b">20050406</subfield>
    <subfield code="c">c</subfield>
  </datafield>
  <datafield tag="999" ind1=" " ind2=" ">
    <subfield code="a">slr20050407</subfield>
    <subfield code="b">20050407</subfield>
    <subfield code="c">r</subfield>
  </datafield>
  <datafield tag="999" ind1=" " ind2=" ">
    <subfield code="a">lcu20050401</subfield>
    <subfield code="b">20050401</subfield>
    <subfield code="c">u</subfield>
  </datafield>
  <datafield tag="999" ind1=" " ind2=" ">
    <subfield code="a">lcp20050401</subfield>
    <subfield code="b">20050401</subfield>
    <subfield code="c">p</subfield>
  </datafield>
  <datafield tag="999" ind1=" " ind2=" ">
    <subfield code="a">nmq20050331</subfield>
    <subfield code="b">20050331</subfield>
    <subfield code="c">q</subfield>
  </datafield>
</record>