
<record>
  <controlfield tag="000">01856nam a2200457#a 4500</controlfield>
  <controlfield tag="001">621971</controlfield>
  <controlfield tag="005">20220725125302.0</controlfield>
  <controlfield tag="008">080310s2008    che    #r     ||| | eng d</controlfield>
  <datafield tag="029" ind1=" " ind2=" ">
    <subfield code="a">JN</subfield>
    <subfield code="b">G0811142 E</subfield>
  </datafield>
  <datafield tag="035" ind1=" " ind2=" ">
    <subfield code="a">D857060X</subfield>
    <subfield code="z">D9582718</subfield>
  </datafield>
  <datafield tag="035" ind1=" " ind2=" ">
    <subfield code="a">(DHL)857060</subfield>
  </datafield>
  <datafield tag="039" ind1=" " ind2=" ">
    <subfield code="a">GUN</subfield>
  </datafield>
  <datafield tag="040" ind1=" " ind2=" ">
    <subfield code="a">SzGeBNU</subfield>
    <subfield code="b">eng</subfield>
  </datafield>
  <datafield tag="041" ind1=" " ind2=" ">
    <subfield code="a">arachiengfrerusspa</subfield>
  </datafield>
  <datafield tag="049" ind1=" " ind2=" ">
    <subfield code="a">che</subfield>
  </datafield>
  <datafield tag="069" ind1=" " ind2=" ">
    <subfield code="a">HUR</subfield>
    <subfield code="b">07040</subfield>
  </datafield>
  <datafield tag="069" ind1=" " ind2=" ">
    <subfield code="a">HUR</subfield>
    <subfield code="b">0905</subfield>
  </datafield>
  <datafield tag="089" ind1=" " ind2=" ">
    <subfield code="b">B16</subfield>
  </datafield>
  <datafield tag="091" ind1=" " ind2=" ">
    <subfield code="a">GEN</subfield>
  </datafield>
  <datafield tag="099" ind1=" " ind2=" ">
    <subfield code="a">UNG</subfield>
    <subfield code="b">GUN</subfield>
  </datafield>
  <datafield tag="191" ind1=" " ind2=" ">
    <subfield code="a">A/HRC/7/6/Add.4</subfield>
    <subfield code="b">A/HRC/</subfield>
    <subfield code="c">7</subfield>
    <subfield code="q">AHRC76ADD4</subfield>
    <subfield code="r">AHRC7</subfield>
    <subfield code="0">(DHLAUTH)735085</subfield>
  </datafield>
  <datafield tag="245" ind1="1" ind2="0">
    <subfield code="a">Report of the Special Rapporteur on Violence against Women, Its Causes and Consequences, Yakin Ertürk :</subfield>
    <subfield code="b">addendum</subfield>
  </datafield>
  <datafield tag="246" ind1="3" ind2=" ">
    <subfield code="i">Title on p. 3:</subfield>
    <subfield code="a">Report of the Special Rapporteur on Violence against Women, Its Causes and Consequences, Yakin Ertürk, on her mission to the Democratic Republic of the Congo (16-28 July 2007)</subfield>
  </datafield>
  <datafield tag="260" ind1=" " ind2=" ">
    <subfield code="a">Geneva :</subfield>
    <subfield code="b">UN,</subfield>
    <subfield code="c">28 Feb. 2008</subfield>
  </datafield>
  <datafield tag="269" ind1=" " ind2=" ">
    <subfield code="a">2008-02-28</subfield>
  </datafield>
  <datafield tag="300" ind1=" " ind2=" ">
    <subfield code="a">26 p.</subfield>
  </datafield>
  <datafield tag="500" ind1=" " ind2=" ">
    <subfield code="a">Includes bibliographical references.</subfield>
  </datafield>
  <datafield tag="505" ind1="0" ind2=" ">
    <subfield code="a">Mission to the Democratic Republic of the Congo.</subfield>
  </datafield>
  <datafield tag="520" ind1=" " ind2=" ">
    <subfield code="a">Focuses on sexual violence used as an instrument of war in the Democratic Republic of the Congo, with a focus on the localities of Kinshasa, South Kivu Province, Equateur Province and the Ituri Disstrict; closes with recommendations to the Government, the International Criminal Court, the international community, the UN and the UN Mission in the the Democratic Republic of the Congo.</subfield>
  </datafield>
  <datafield tag="546" ind1=" " ind2=" ">
    <subfield code="a">Summary issued in all official languages; annexed mission report in English and French only.</subfield>
  </datafield>
  <datafield tag="610" ind1="2" ind2="7">
    <subfield code="2">unbisn</subfield>
    <subfield code="a">Democratic Republic of the Congo. Forces armées</subfield>
    <subfield code="0">(DHLAUTH)696124</subfield>
  </datafield>
  <datafield tag="610" ind1="2" ind2="7">
    <subfield code="2">unbisn</subfield>
    <subfield code="a">UN Organization Mission in the Democratic Republic of the Congo</subfield>
    <subfield code="0">(DHLAUTH)547130</subfield>
  </datafield>
  <datafield tag="610" ind1="2" ind2="7">
    <subfield code="2">unbisn</subfield>
    <subfield code="a">UN. Human Rights Council. Special Rapporteur on Violence against Women and Girls, its Causes and its Consequences</subfield>
    <subfield code="g">Recommendations</subfield>
    <subfield code="0">(DHLAUTH)720678</subfield>
  </datafield>
  <datafield tag="650" ind1="1" ind2="7">
    <subfield code="a">GENDER-BASED VIOLENCE</subfield>
    <subfield code="2">unbist</subfield>
    <subfield code="0">(DHLAUTH)276684</subfield>
  </datafield>
  <datafield tag="650" ind1="1" ind2="7">
    <subfield code="a">FACT-FINDING MISSIONS</subfield>
    <subfield code="2">unbist</subfield>
    <subfield code="0">(DHLAUTH)268293</subfield>
  </datafield>
  <datafield tag="650" ind1="1" ind2="7">
    <subfield code="a">RAPE</subfield>
    <subfield code="2">unbist</subfield>
    <subfield code="0">(DHLAUTH)274502</subfield>
  </datafield>
  <datafield tag="650" ind1="1" ind2="7">
    <subfield code="a">RAPE VICTIMS</subfield>
    <subfield code="2">unbist</subfield>
    <subfield code="0">(DHLAUTH)274620</subfield>
  </datafield>
  <datafield tag="650" ind1="1" ind2="7">
    <subfield code="a">WOMEN IN ARMED CONFLICTS</subfield>
    <subfield code="2">unbist</subfield>
    <subfield code="0">(DHLAUTH)652111</subfield>
  </datafield>
  <datafield tag="650" ind1="1" ind2="7">
    <subfield code="a">DEMOCRATIC REPUBLIC OF THE CONGO</subfield>
    <subfield code="2">unbist</subfield>
    <subfield code="0">(DHLAUTH)450182</subfield>
  </datafield>
  <datafield tag="650" ind1="2" ind2="7">
    <subfield code="a">SUD-KIVU (DEMOCRATIC REPUBLIC OF THE CONGO)</subfield>
    <subfield code="2">unbist</subfield>
    <subfield code="0">(DHLAUTH)660613</subfield>
  </datafield>
  <datafield tag="650" ind1="2" ind2="7">
    <subfield code="a">ITURI (DEMOCRATIC REPUBLIC OF THE CONGO : DISTRICT)</subfield>
    <subfield code="2">unbist</subfield>
    <subfield code="0">(DHLAUTH)646734</subfield>
  </datafield>
  <datafield tag="650" ind1="2" ind2="7">
    <subfield code="a">MILITARY PERSONNEL</subfield>
    <subfield code="2">unbist</subfield>
    <subfield code="0">(DHLAUTH)268838</subfield>
  </datafield>
  <datafield tag="650" ind1="2" ind2="7">
    <subfield code="a">PEACEKEEPING OPERATIONS</subfield>
    <subfield code="2">unbist</subfield>
    <subfield code="0">(DHLAUTH)474428</subfield>
  </datafield>
  <datafield tag="650" ind1="2" ind2="7">
    <subfield code="a">ADMINISTRATION OF JUSTICE</subfield>
    <subfield code="2">unbist</subfield>
    <subfield code="0">(DHLAUTH)269125</subfield>
  </datafield>
  <datafield tag="650" ind1="2" ind2="7">
    <subfield code="a">WOMEN'S STATUS</subfield>
    <subfield code="2">unbist</subfield>
    <subfield code="0">(DHLAUTH)269378</subfield>
  </datafield>
  <datafield tag="700" ind1="1" ind2=" ">
    <subfield code="a">Ertürk, Yakin</subfield>
    <subfield code="0">(DHLAUTH)607571</subfield>
  </datafield>
  <datafield tag="710" ind1="2" ind2=" ">
    <subfield code="a">UN. Human Rights Council. Special Rapporteur on Violence against Women and Girls, its Causes and its Consequences</subfield>
    <subfield code="0">(DHLAUTH)716013</subfield>
  </datafield>
  <datafield tag="830" ind1="0" ind2=" ">
    <subfield code="a">Report of the Special Procedure of the Human Rights Council</subfield>
    <subfield code="0">(DHLAUTH)887654</subfield>
  </datafield>
  <datafield tag="830" ind1="0" ind2=" ">
    <subfield code="a">Report of the Special Rapporteur on Violence against Women and Girls, its Causes and Consequences</subfield>
    <subfield code="0">(DHLAUTH)887806</subfield>
  </datafield>
  <datafield tag="856" ind1="4" ind2=" ">
    <subfield code="y">العربية</subfield>
    <subfield code="9">a8556595-010c-41cf-bef2-52c4b1fb6de8</subfield>
    <subfield code="s">177784</subfield>
    <subfield code="u">https://digitallibrary.un.org/record/621971/files/A_HRC_7_6_Add.4-AR.pdf</subfield>
  </datafield>
  <datafield tag="856" ind1="4" ind2=" ">
    <subfield code="y">English</subfield>
    <subfield code="9">c4af79fb-768d-4990-8fa7-9dd89e71a405</subfield>
    <subfield code="s">127013</subfield>
    <subfield code="u">https://digitallibrary.un.org/record/621971/files/A_HRC_7_6_Add.4-EN.pdf</subfield>
  </datafield>
  <datafield tag="856" ind1="4" ind2=" ">
    <subfield code="y">Español</subfield>
    <subfield code="9">a17a5477-32c2-44b2-8169-bb19eb1df39f</subfield>
    <subfield code="s">217582</subfield>
    <subfield code="u">https://digitallibrary.un.org/record/621971/files/A_HRC_7_6_Add.4-ES.pdf</subfield>
  </datafield>
  <datafield tag="856" ind1="4" ind2=" ">
    <subfield code="y">Français</subfield>
    <subfield code="9">f63a7e31-23f9-4ac4-98a0-a142310b41f6</subfield>
    <subfield code="s">256138</subfield>
    <subfield code="u">https://digitallibrary.un.org/record/621971/files/A_HRC_7_6_Add.4-FR.pdf</subfield>
  </datafield>
  <datafield tag="856" ind1="4" ind2=" ">
    <subfield code="y">Русский</subfield>
    <subfield code="9">c51da3de-f38b-449e-9205-aa2db70ac230</subfield>
    <subfield code="s">179758</subfield>
    <subfield code="u">https://digitallibrary.un.org/record/621971/files/A_HRC_7_6_Add.4-RU.pdf</subfield>
  </datafield>
  <datafield tag="856" ind1="4" ind2=" ">
    <subfield code="y">中文</subfield>
    <subfield code="9">fad43008-0fa7-40e0-99be-703cc05f8426</subfield>
    <subfield code="s">224357</subfield>
    <subfield code="u">https://digitallibrary.un.org/record/621971/files/A_HRC_7_6_Add.4-ZH.pdf</subfield>
  </datafield>
  <datafield tag="930" ind1=" " ind2=" ">
    <subfield code="a">UNDMA08</subfield>
  </datafield>
  <datafield tag="930" ind1=" " ind2=" ">
    <subfield code="a">HURXXX08</subfield>
  </datafield>
  <datafield tag="949" ind1=" " ind2=" ">
    <subfield code="9">A/HRC/7/6/Add.4</subfield>
    <subfield code="b">10000008570601</subfield>
    <subfield code="i">1543670</subfield>
    <subfield code="k">unas</subfield>
    <subfield code="c">c. 1</subfield>
    <subfield code="l">DHL</subfield>
    <subfield code="z">t</subfield>
    <subfield code="m">14day</subfield>
    <subfield code="d">20080411000000</subfield>
  </datafield>
  <datafield tag="949" ind1=" " ind2=" ">
    <subfield code="9">A/HRC/7/6/Add.4</subfield>
    <subfield code="b">1543674.1.1</subfield>
    <subfield code="i">1543674</subfield>
    <subfield code="k">unrs</subfield>
    <subfield code="c">c. 1</subfield>
    <subfield code="l">DHL</subfield>
    <subfield code="z">t</subfield>
    <subfield code="m">14day</subfield>
    <subfield code="d">20080411000000</subfield>
  </datafield>
  <datafield tag="949" ind1=" " ind2=" ">
    <subfield code="9">A/HRC/7/6/Add.4</subfield>
    <subfield code="b">1543673.1.1</subfield>
    <subfield code="i">1543673</subfield>
    <subfield code="k">unss</subfield>
    <subfield code="c">c. 1</subfield>
    <subfield code="l">DHL</subfield>
    <subfield code="z">t</subfield>
    <subfield code="m">14day</subfield>
    <subfield code="d">20080411000000</subfield>
  </datafield>
  <datafield tag="949" ind1=" " ind2=" ">
    <subfield code="9">A/HRC/7/6/Add.4</subfield>
    <subfield code="b">1543672.1.1</subfield>
    <subfield code="i">1543672</subfield>
    <subfield code="k">unfs</subfield>
    <subfield code="c">c. 1</subfield>
    <subfield code="l">DHL</subfield>
    <subfield code="z">t</subfield>
    <subfield code="m">14day</subfield>
    <subfield code="d">20080411000000</subfield>
  </datafield>
  <datafield tag="949" ind1=" " ind2=" ">
    <subfield code="9">A/HRC/7/6/Add.4</subfield>
    <subfield code="b">1000000857060g</subfield>
    <subfield code="i">1536331</subfield>
    <subfield code="k">gun</subfield>
    <subfield code="l">UNOG</subfield>
    <subfield code="z">t</subfield>
    <subfield code="m">unog</subfield>
    <subfield code="d">20080310000000</subfield>
  </datafield>
  <datafield tag="949" ind1=" " ind2=" ">
    <subfield code="9">A/HRC/7/6/Add.4</subfield>
    <subfield code="b">1543671.1.1</subfield>
    <subfield code="i">1543671</subfield>
    <subfield code="k">uncs</subfield>
    <subfield code="c">c. 1</subfield>
    <subfield code="l">DHL</subfield>
    <subfield code="z">t</subfield>
    <subfield code="m">14day</subfield>
    <subfield code="d">20080411000000</subfield>
  </datafield>
  <datafield tag="949" ind1=" " ind2=" ">
    <subfield code="9">A/HRC/7/6/Add.4</subfield>
    <subfield code="b">1543675.1.1</subfield>
    <subfield code="i">1543675</subfield>
    <subfield code="k">unes</subfield>
    <subfield code="c">c. 1</subfield>
    <subfield code="l">DHL</subfield>
    <subfield code="z">t</subfield>
    <subfield code="m">14day</subfield>
    <subfield code="d">20080411000000</subfield>
  </datafield>
  <datafield tag="980" ind1=" " ind2=" ">
    <subfield code="a">BIB</subfield>
  </datafield>
  <datafield tag="981" ind1=" " ind2=" ">
    <subfield code="a">General Assembly</subfield>
    <subfield code="b">Human Rights Council</subfield>
  </datafield>
  <datafield tag="981" ind1=" " ind2=" ">
    <subfield code="a">Human Rights Bodies</subfield>
    <subfield code="b">Charter-Based Human Rights Bodies</subfield>
    <subfield code="c">Human Rights Council</subfield>
  </datafield>
  <datafield tag="989" ind1=" " ind2=" ">
    <subfield code="a">Documents and Publications</subfield>
    <subfield code="b">Reports</subfield>
  </datafield>
  <datafield tag="991" ind1=" " ind2=" ">
    <subfield code="a">A/HRC/7/1</subfield>
    <subfield code="b">3</subfield>
    <subfield code="c">Promotion and protection of all human rights, civil, political, economic, social and cultural rights, including the right to development.</subfield>
    <subfield code="0">(DHLAUTH)742379</subfield>
  </datafield>
  <datafield tag="998" ind1=" " ind2=" ">
    <subfield code="a">20080310141500</subfield>
    <subfield code="b">mpcat</subfield>
    <subfield code="c">20220725124000</subfield>
    <subfield code="d">sh35cat</subfield>
    <subfield code="x">0x00010000c786df95</subfield>
    <subfield code="z">20220725164359</subfield>
  </datafield>
  <datafield tag="999" ind1=" " ind2=" ">
    <subfield code="a">shku20170928</subfield>
    <subfield code="b">20170928</subfield>
    <subfield code="c">u</subfield>
  </datafield>
  <datafield tag="999" ind1=" " ind2=" ">
    <subfield code="a">mpc20080310</subfield>
    <subfield code="b">20080310</subfield>
    <subfield code="c">c</subfield>
  </datafield>
  <datafield tag="999" ind1=" " ind2=" ">
    <subfield code="a">mpu20080317</subfield>
    <subfield code="b">20080317</subfield>
    <subfield code="c">u</subfield>
  </datafield>
  <datafield tag="999" ind1=" " ind2=" ">
    <subfield code="a">pni20080411</subfield>
    <subfield code="b">20080411</subfield>
    <subfield code="c">i</subfield>
  </datafield>
  <datafield tag="999" ind1=" " ind2=" ">
    <subfield code="a">mpu20090204</subfield>
    <subfield code="b">20090204</subfield>
    <subfield code="c">u</subfield>
  </datafield>
</record>