
<record>
  <controlfield tag="000">01317cam\\2200361#a\4500</controlfield>
  <controlfield tag="001">431721</controlfield>
  <controlfield tag="005">20191106112925.0</controlfield>
  <controlfield tag="008">010129c2000\\\\usa\\\\\r\\\\\00010\eng\d</controlfield>
  <datafield tag="029" ind1=" " ind2=" ">
    <subfield code="a">JN</subfield>
    <subfield code="b">N0122506 E</subfield>
  </datafield>
  <datafield tag="035" ind1=" " ind2=" ">
    <subfield code="a">D636785X</subfield>
    <subfield code="z">D0259515</subfield>
  </datafield>
  <datafield tag="035" ind1=" " ind2=" ">
    <subfield code="a">(DHL)636785</subfield>
  </datafield>
  <datafield tag="039" ind1=" " ind2=" ">
    <subfield code="a">DHU</subfield>
  </datafield>
  <datafield tag="040" ind1=" " ind2=" ">
    <subfield code="a">NNUN</subfield>
    <subfield code="b">eng</subfield>
  </datafield>
  <datafield tag="041" ind1=" " ind2=" ">
    <subfield code="a">arachiengfrerusspa</subfield>
  </datafield>
  <datafield tag="049" ind1=" " ind2=" ">
    <subfield code="a">USA</subfield>
  </datafield>
  <datafield tag="089" ind1=" " ind2=" ">
    <subfield code="b">B19</subfield>
  </datafield>
  <datafield tag="091" ind1=" " ind2=" ">
    <subfield code="a">GEN</subfield>
  </datafield>
  <datafield tag="099" ind1=" " ind2=" ">
    <subfield code="a">UNH</subfield>
    <subfield code="b">DHU</subfield>
  </datafield>
  <datafield tag="191" ind1=" " ind2=" ">
    <subfield code="0">1090460</subfield>
    <subfield code="9">X01</subfield>
    <subfield code="a">S/2000/40/Add.42</subfield>
    <subfield code="b">S/</subfield>
    <subfield code="c">55</subfield>
    <subfield code="f">4.2825</subfield>
    <subfield code="q">S200040ADD42</subfield>
    <subfield code="r">S55</subfield>
  </datafield>
  <datafield tag="245" ind1="1" ind2="0">
    <subfield code="a">Summary statement on matters of which the Security Council is seized and on the stage reached in their consideration :</subfield>
    <subfield code="b">addendum /</subfield>
    <subfield code="c">by the Secretary-General</subfield>
  </datafield>
  <datafield tag="249" ind1=" " ind2=" ">
    <subfield code="a">Summary statement on matters of which the Security Council is seized and on the stage reached in their consideration as at 28 Oct. 2000 / Secretary-General</subfield>
  </datafield>
  <datafield tag="260" ind1=" " ind2=" ">
    <subfield code="a">[New York] :</subfield>
    <subfield code="b">UN,</subfield>
    <subfield code="c">3 Nov. 2000</subfield>
  </datafield>
  <datafield tag="269" ind1=" " ind2=" ">
    <subfield code="a">2000-11-03</subfield>
  </datafield>
  <datafield tag="300" ind1=" " ind2=" ">
    <subfield code="a">3 p.</subfield>
  </datafield>
  <datafield tag="610" ind1="2" ind2="7">
    <subfield code="0">1103596</subfield>
    <subfield code="2">unbisn</subfield>
    <subfield code="a">UN. Security Council (55th year : 2000)</subfield>
    <subfield code="g">Activities (Oct. 2000)</subfield>
  </datafield>
  <datafield tag="650" ind1="1" ind2="7">
    <subfield code="0">1283087</subfield>
    <subfield code="a">WOMEN'S ADVANCEMENT</subfield>
  </datafield>
  <datafield tag="650" ind1="1" ind2="7">
    <subfield code="0">1277954</subfield>
    <subfield code="a">PEACEKEEPING OPERATIONS</subfield>
  </datafield>
  <datafield tag="650" ind1="1" ind2="7">
    <subfield code="0">1284093</subfield>
    <subfield code="2">unbist</subfield>
    <subfield code="a">BOSNIA AND HERZEGOVINA SITUATION</subfield>
  </datafield>
  <datafield tag="650" ind1="1" ind2="7">
    <subfield code="0">1278086</subfield>
    <subfield code="2">unbist</subfield>
    <subfield code="a">WESTERN SAHARA QUESTION</subfield>
  </datafield>
  <datafield tag="710" ind1="2" ind2="0">
    <subfield code="0">864434</subfield>
    <subfield code="a">UN. Secretary-General</subfield>
  </datafield>
  <datafield tag="856" ind1="4" ind2=" ">
    <subfield code="s">80138</subfield>
    <subfield code="u">http://digitallibrary.un.org/record/431721/files/S_2000_40_Add.42-AR.pdf</subfield>
    <subfield code="y">العربية</subfield>
  </datafield>
  <datafield tag="856" ind1="4" ind2=" ">
    <subfield code="s">161408</subfield>
    <subfield code="u">http://digitallibrary.un.org/record/431721/files/S_2000_40_Add.42-ZH.pdf</subfield>
    <subfield code="y">中文</subfield>
  </datafield>
  <datafield tag="856" ind1="4" ind2=" ">
    <subfield code="s">98535</subfield>
    <subfield code="u">http://digitallibrary.un.org/record/431721/files/S_2000_40_Add.42-EN.pdf</subfield>
    <subfield code="y">English</subfield>
  </datafield>
  <datafield tag="856" ind1="4" ind2=" ">
    <subfield code="s">28532</subfield>
    <subfield code="u">http://digitallibrary.un.org/record/431721/files/S_2000_40_Add.42-FR.pdf</subfield>
    <subfield code="y">Français</subfield>
  </datafield>
  <datafield tag="856" ind1="4" ind2=" ">
    <subfield code="s">134343</subfield>
    <subfield code="u">http://digitallibrary.un.org/record/431721/files/S_2000_40_Add.42-RU.pdf</subfield>
    <subfield code="y">Русский</subfield>
  </datafield>
  <datafield tag="856" ind1="4" ind2=" ">
    <subfield code="s">28757</subfield>
    <subfield code="u">http://digitallibrary.un.org/record/431721/files/S_2000_40_Add.42-ES.pdf</subfield>
    <subfield code="y">Español</subfield>
  </datafield>
  <datafield tag="930" ind1=" " ind2=" ">
    <subfield code="a">UNDJA01</subfield>
  </datafield>
  <datafield tag="930" ind1=" " ind2=" ">
    <subfield code="a">UDIQ400</subfield>
    <subfield code="b">4.2825</subfield>
  </datafield>
  <datafield tag="930" ind1=" " ind2=" ">
    <subfield code="a">UPDQ400</subfield>
  </datafield>
  <datafield tag="949" ind1=" " ind2=" ">
    <subfield code="9">S/2000/40/Add.42</subfield>
    <subfield code="b">921360.3.1</subfield>
    <subfield code="c">c. 1</subfield>
    <subfield code="d">20010128190000</subfield>
    <subfield code="i">921360</subfield>
    <subfield code="k">uncs</subfield>
    <subfield code="l">DHL</subfield>
    <subfield code="m">14day</subfield>
    <subfield code="z">t</subfield>
  </datafield>
  <datafield tag="949" ind1=" " ind2=" ">
    <subfield code="9">S/2000/40/Add.42</subfield>
    <subfield code="b">921363.6.1</subfield>
    <subfield code="c">c. 1</subfield>
    <subfield code="d">20010128190000</subfield>
    <subfield code="i">921363</subfield>
    <subfield code="k">unss</subfield>
    <subfield code="l">DHL</subfield>
    <subfield code="m">14day</subfield>
    <subfield code="z">t</subfield>
  </datafield>
  <datafield tag="949" ind1=" " ind2=" ">
    <subfield code="9">S/2000/40/Add.42</subfield>
    <subfield code="b">921359.2.1</subfield>
    <subfield code="c">c. 1</subfield>
    <subfield code="d">20010128190000</subfield>
    <subfield code="i">921359</subfield>
    <subfield code="k">unas</subfield>
    <subfield code="l">DHL</subfield>
    <subfield code="m">14day</subfield>
    <subfield code="z">t</subfield>
  </datafield>
  <datafield tag="949" ind1=" " ind2=" ">
    <subfield code="9">S/2000/40/Add.42</subfield>
    <subfield code="b">921362.5.1</subfield>
    <subfield code="c">c. 1</subfield>
    <subfield code="d">20010128190000</subfield>
    <subfield code="i">921362</subfield>
    <subfield code="k">unrs</subfield>
    <subfield code="l">DHL</subfield>
    <subfield code="m">14day</subfield>
    <subfield code="z">t</subfield>
  </datafield>
  <datafield tag="949" ind1=" " ind2=" ">
    <subfield code="9">S/2000/40/Add.42</subfield>
    <subfield code="b">921361.4.1</subfield>
    <subfield code="c">c. 1</subfield>
    <subfield code="d">20010128190000</subfield>
    <subfield code="i">921361</subfield>
    <subfield code="k">unfs</subfield>
    <subfield code="l">DHL</subfield>
    <subfield code="m">14day</subfield>
    <subfield code="z">t</subfield>
  </datafield>
  <datafield tag="949" ind1=" " ind2=" ">
    <subfield code="9">S/2000/40/Add.42</subfield>
    <subfield code="b">921358.1.1</subfield>
    <subfield code="c">c. 1</subfield>
    <subfield code="d">20010128190000</subfield>
    <subfield code="i">921358</subfield>
    <subfield code="k">unes</subfield>
    <subfield code="l">DHL</subfield>
    <subfield code="m">14day</subfield>
    <subfield code="z">t</subfield>
  </datafield>
  <datafield tag="980" ind1=" " ind2=" ">
    <subfield code="a">BIB</subfield>
  </datafield>
  <datafield tag="981" ind1=" " ind2=" ">
    <subfield code="a">Security Council</subfield>
  </datafield>
  <datafield tag="989" ind1=" " ind2=" ">
    <subfield code="a">Documents and Publications</subfield>
  </datafield>
  <datafield tag="991" ind1="3" ind2=" ">
    <subfield code="a">S/55</subfield>
    <subfield code="b">[2]</subfield>
    <subfield code="d">UN. SECURITY COUNCIL (2000)--AGENDA</subfield>
    <subfield code="z">I0146885</subfield>
    <subfield code="0">(DHLAUTH)578038</subfield>
  </datafield>
  <datafield tag="998" ind1=" " ind2=" ">
    <subfield code="a">20010128190000</subfield>
    <subfield code="b">ed23</subfield>
    <subfield code="c">20160728064800</subfield>
    <subfield code="d">shkcat</subfield>
  </datafield>
  <datafield tag="999" ind1=" " ind2=" ">
    <subfield code="a">pg</subfield>
    <subfield code="b">20010129</subfield>
    <subfield code="c">t</subfield>
  </datafield>
  <datafield tag="999" ind1=" " ind2=" ">
    <subfield code="a">SL</subfield>
    <subfield code="b">20010129</subfield>
    <subfield code="c">c</subfield>
  </datafield>
  <datafield tag="999" ind1=" " ind2=" ">
    <subfield code="a">et</subfield>
    <subfield code="b">20010129</subfield>
    <subfield code="c">q</subfield>
  </datafield>
  <datafield tag="999" ind1=" " ind2=" ">
    <subfield code="a">TA</subfield>
    <subfield code="b">20010129</subfield>
    <subfield code="c">r</subfield>
  </datafield>
</record>