
<record>
  <controlfield tag="000">02704cam a2200385#  4500</controlfield>
  <controlfield tag="001">240394</controlfield>
  <controlfield tag="005">20201229192830.0</controlfield>
  <controlfield tag="008">970716s1997    usa     r           eng u</controlfield>
  <datafield tag="029" ind1=" " ind2=" ">
    <subfield code="a">JN</subfield>
    <subfield code="b">N9719510 E</subfield>
  </datafield>
  <datafield tag="035" ind1=" " ind2=" ">
    <subfield code="a">D416435X</subfield>
    <subfield code="z">D0213147</subfield>
  </datafield>
  <datafield tag="035" ind1=" " ind2=" ">
    <subfield code="a">(DHL)416435</subfield>
  </datafield>
  <datafield tag="039" ind1=" " ind2=" ">
    <subfield code="a">DHU</subfield>
  </datafield>
  <datafield tag="040" ind1=" " ind2=" ">
    <subfield code="a">NNUN</subfield>
    <subfield code="b">eng</subfield>
  </datafield>
  <datafield tag="041" ind1=" " ind2=" ">
    <subfield code="a">arachiengfrerusspa</subfield>
  </datafield>
  <datafield tag="049" ind1=" " ind2=" ">
    <subfield code="a">usa</subfield>
  </datafield>
  <datafield tag="089" ind1=" " ind2=" ">
    <subfield code="a">Statements (Security Council President)</subfield>
    <subfield code="b">B17</subfield>
  </datafield>
  <datafield tag="091" ind1=" " ind2=" ">
    <subfield code="a">GEN</subfield>
  </datafield>
  <datafield tag="099" ind1=" " ind2=" ">
    <subfield code="a">UNH</subfield>
    <subfield code="b">DHU</subfield>
  </datafield>
  <datafield tag="191" ind1=" " ind2=" ">
    <subfield code="a">S/PRST/1997/38</subfield>
    <subfield code="b">S/</subfield>
    <subfield code="c">52</subfield>
    <subfield code="d">S/PRST/</subfield>
    <subfield code="e">1997/38</subfield>
    <subfield code="f">014567</subfield>
    <subfield code="9">X15</subfield>
    <subfield code="q">SPRST199738</subfield>
    <subfield code="r">S52</subfield>
    <subfield code="0">(DHLAUTH)465592</subfield>
  </datafield>
  <datafield tag="239" ind1="1" ind2="0">
    <subfield code="a">Statement [on the item entitled "Civilian police in peace-keeping operations]</subfield>
  </datafield>
  <datafield tag="245" ind1="0" ind2="0">
    <subfield code="a">Statement /</subfield>
    <subfield code="c">by the President of the Security Council.</subfield>
  </datafield>
  <datafield tag="260" ind1=" " ind2=" ">
    <subfield code="a">[New York] :</subfield>
    <subfield code="b">UN,</subfield>
    <subfield code="c">14 July 1997.</subfield>
  </datafield>
  <datafield tag="269" ind1=" " ind2=" ">
    <subfield code="a">1997-07-14</subfield>
  </datafield>
  <datafield tag="300" ind1=" " ind2=" ">
    <subfield code="a">2 p.</subfield>
  </datafield>
  <datafield tag="500" ind1=" " ind2=" ">
    <subfield code="a">Statement made on behalf of the Security Council, 3801st meeting, 14 July 1997, in connection with prior consultations held among Council members on the item entitled "Civilian police in peace-keeping operations". Encourages States to make available to UN at short notice appropriately trained civilian police; underlines the importance of the recruitment of qualified civilian police from the widest possible geographic range to serve in UN operations; encourages the Secretary-General to provide assistance and guidance to Member States in order to promote a standardized approach to their training and recruitment; underlines the need for close coordination between civilian police and the military, humanitarian and other civilian components of UN operations.</subfield>
  </datafield>
  <datafield tag="650" ind1="0" ind2="7">
    <subfield code="a">POLICE</subfield>
    <subfield code="0">(DHLAUTH)270025</subfield>
  </datafield>
  <datafield tag="650" ind1="0" ind2="7">
    <subfield code="a">PEACEKEEPING OPERATIONS</subfield>
    <subfield code="0">(DHLAUTH)474428</subfield>
  </datafield>
  <datafield tag="650" ind1="0" ind2="7">
    <subfield code="a">TRAINING PROGRAMMES</subfield>
    <subfield code="0">(DHLAUTH)274026</subfield>
  </datafield>
  <datafield tag="650" ind1="0" ind2="7">
    <subfield code="a">RECRUITMENT</subfield>
    <subfield code="0">(DHLAUTH)272038</subfield>
  </datafield>
  <datafield tag="650" ind1="0" ind2="7">
    <subfield code="a">WOMEN</subfield>
    <subfield code="0">(DHLAUTH)273032</subfield>
  </datafield>
  <datafield tag="650" ind1="0" ind2="7">
    <subfield code="a">COORDINATION WITHIN UN SYSTEM</subfield>
    <subfield code="0">(DHLAUTH)268575</subfield>
  </datafield>
  <datafield tag="710" ind1="2" ind2="0">
    <subfield code="a">UN. Security Council (52nd year : 1997). President</subfield>
    <subfield code="0">(DHLAUTH)465692</subfield>
  </datafield>
  <datafield tag="856" ind1="4" ind2=" ">
    <subfield code="y">العربية</subfield>
    <subfield code="9">e9d43148-cf2b-4f14-bdaf-a6dcbad91478</subfield>
    <subfield code="s">56371</subfield>
    <subfield code="u">http://digitallibrary.un.org/record/240394/files/S_PRST_1997_38-AR.pdf</subfield>
  </datafield>
  <datafield tag="856" ind1="4" ind2=" ">
    <subfield code="y">English</subfield>
    <subfield code="9">0ac23b92-ae44-4d9e-a3fe-7eb28c29f880</subfield>
    <subfield code="s">11917</subfield>
    <subfield code="u">http://digitallibrary.un.org/record/240394/files/S_PRST_1997_38-EN.pdf</subfield>
  </datafield>
  <datafield tag="856" ind1="4" ind2=" ">
    <subfield code="y">Español</subfield>
    <subfield code="9">205c66bf-cd2a-48cb-9cc2-e95f80fa5ea4</subfield>
    <subfield code="s">12095</subfield>
    <subfield code="u">http://digitallibrary.un.org/record/240394/files/S_PRST_1997_38-ES.pdf</subfield>
  </datafield>
  <datafield tag="856" ind1="4" ind2=" ">
    <subfield code="y">Français</subfield>
    <subfield code="9">91e7723d-ff6b-4eef-9750-68a27c3e5efa</subfield>
    <subfield code="s">12168</subfield>
    <subfield code="u">http://digitallibrary.un.org/record/240394/files/S_PRST_1997_38-FR.pdf</subfield>
  </datafield>
  <datafield tag="856" ind1="4" ind2=" ">
    <subfield code="y">Русский</subfield>
    <subfield code="9">e9b3bc9e-482b-4546-b7df-ff4e8a921f42</subfield>
    <subfield code="s">38195</subfield>
    <subfield code="u">http://digitallibrary.un.org/record/240394/files/S_PRST_1997_38-RU.pdf</subfield>
  </datafield>
  <datafield tag="856" ind1="4" ind2=" ">
    <subfield code="y">中文</subfield>
    <subfield code="9">0b852f8e-0186-4794-889a-fa08bb07bd41</subfield>
    <subfield code="s">93243</subfield>
    <subfield code="u">http://digitallibrary.un.org/record/240394/files/S_PRST_1997_38-ZH.pdf</subfield>
  </datafield>
  <datafield tag="930" ind1=" " ind2=" ">
    <subfield code="a">UNDJL97</subfield>
  </datafield>
  <datafield tag="930" ind1=" " ind2=" ">
    <subfield code="a">CHCSEP97</subfield>
  </datafield>
  <datafield tag="955" ind1=" " ind2=" ">
    <subfield code="a">18968800</subfield>
  </datafield>
  <datafield tag="980" ind1=" " ind2=" ">
    <subfield code="a">BIB</subfield>
  </datafield>
  <datafield tag="981" ind1=" " ind2=" ">
    <subfield code="a">Security Council</subfield>
  </datafield>
  <datafield tag="989" ind1=" " ind2=" ">
    <subfield code="a">Documents and Publications</subfield>
    <subfield code="b">Resolutions and Decisions</subfield>
    <subfield code="c">Presidential Statements</subfield>
  </datafield>
  <datafield tag="991" ind1="3" ind2=" ">
    <subfield code="a">S/52</subfield>
    <subfield code="b">[18]</subfield>
    <subfield code="d">PEACEKEEPING OPERATIONS</subfield>
    <subfield code="z">I0126811</subfield>
    <subfield code="0">(DHLAUTH)467546</subfield>
  </datafield>
  <datafield tag="993" ind1="4" ind2=" ">
    <subfield code="a">S/PV.3801</subfield>
  </datafield>
  <datafield tag="995" ind1=" " ind2=" ">
    <subfield code="a">Statement made on behalf of the Security Council, at the 3801st meeting, 14 July 1997, in connection with prior consultations held among Council members on the item entitled "Civilian police in peace-keeping operations"; encourages States to make available to UN at short notice appropriately trained civilian police; underlines the importance of the recruitment of qualified civilian police from the widest possible geographic range to serve in UN operations; encourages the Secretary-General to provide assistance and guidance to Member States in order to promote a standardized approach to the training and recruitment of civilian police; underlines the need for close coordination between civilian police and the military, humanitarian and other civilian components of UN operations / President, Security Council.</subfield>
  </datafield>
  <datafield tag="998" ind1=" " ind2=" ">
    <subfield code="a">19970811000000</subfield>
    <subfield code="c">20201229161700</subfield>
    <subfield code="d">ffcat1</subfield>
    <subfield code="x">0x00010000c23e993e</subfield>
    <subfield code="z">20201229233007</subfield>
  </datafield>
  <datafield tag="999" ind1=" " ind2=" ">
    <subfield code="a">ffu20201130</subfield>
    <subfield code="b">20201130</subfield>
    <subfield code="c">u</subfield>
  </datafield>
</record>