
<record>
  <controlfield tag="000">01614cam a2200541#  4500</controlfield>
  <controlfield tag="001">287667</controlfield>
  <controlfield tag="005">20190821182631.0</controlfield>
  <controlfield tag="008">991103s1992    jpn     r           eng u</controlfield>
  <datafield tag="020" ind1=" " ind2=" ">
    <subfield code="a">0864691726</subfield>
  </datafield>
  <datafield tag="035" ind1=" " ind2=" ">
    <subfield code="a">D486665X</subfield>
    <subfield code="z">D0242633</subfield>
  </datafield>
  <datafield tag="035" ind1=" " ind2=" ">
    <subfield code="a">(DHL)486665</subfield>
  </datafield>
  <datafield tag="039" ind1=" " ind2=" ">
    <subfield code="a">DHU</subfield>
  </datafield>
  <datafield tag="040" ind1=" " ind2=" ">
    <subfield code="a">NNUN</subfield>
    <subfield code="b">eng</subfield>
  </datafield>
  <datafield tag="041" ind1=" " ind2=" ">
    <subfield code="a">eng</subfield>
  </datafield>
  <datafield tag="049" ind1=" " ind2=" ">
    <subfield code="a">jpnnzl</subfield>
  </datafield>
  <datafield tag="079" ind1=" " ind2=" ">
    <subfield code="a">92.III.A.9</subfield>
    <subfield code="q">92IIIA9</subfield>
  </datafield>
  <datafield tag="089" ind1=" " ind2=" ">
    <subfield code="a">Reports/studies</subfield>
    <subfield code="b">B16</subfield>
  </datafield>
  <datafield tag="089" ind1=" " ind2=" ">
    <subfield code="a">Sales publications (UN)</subfield>
    <subfield code="b">B13</subfield>
  </datafield>
  <datafield tag="091" ind1=" " ind2=" ">
    <subfield code="a">GER</subfield>
  </datafield>
  <datafield tag="099" ind1=" " ind2=" ">
    <subfield code="a">UNH</subfield>
    <subfield code="b">DHU</subfield>
    <subfield code="c">UNU(02)/C5</subfield>
    <subfield code="q">UNU02C5</subfield>
  </datafield>
  <datafield tag="099" ind1=" " ind2=" ">
    <subfield code="a">UNG</subfield>
    <subfield code="b">GUN</subfield>
    <subfield code="c">92.III.A.9</subfield>
    <subfield code="q">92IIIA9</subfield>
  </datafield>
  <datafield tag="099" ind1=" " ind2=" ">
    <subfield code="a">UNG</subfield>
    <subfield code="b">GML</subfield>
    <subfield code="c">355(5:9) P355</subfield>
    <subfield code="q">35559P355</subfield>
  </datafield>
  <datafield tag="191" ind1=" " ind2=" ">
    <subfield code="a">***</subfield>
    <subfield code="b">UNU/UNUP/</subfield>
    <subfield code="r">UNUUNUP</subfield>
    <subfield code="0">(DHLAUTH)390219</subfield>
  </datafield>
  <datafield tag="245" ind1="1" ind2="0">
    <subfield code="a">Peace and security in the Asia Pacific region :</subfield>
    <subfield code="b">post-cold war problems and prospects /</subfield>
    <subfield code="c">edited by Kevin Clements.</subfield>
  </datafield>
  <datafield tag="260" ind1=" " ind2=" ">
    <subfield code="a">Tokyo :</subfield>
    <subfield code="b">UNU Press ;</subfield>
    <subfield code="a">Palmertson North, [New Zealand] :</subfield>
    <subfield code="b">The Dunmore Press,</subfield>
    <subfield code="c">1992.</subfield>
  </datafield>
  <datafield tag="269" ind1=" " ind2=" ">
    <subfield code="a">1992</subfield>
  </datafield>
  <datafield tag="300" ind1=" " ind2=" ">
    <subfield code="a">400 p. :</subfield>
    <subfield code="b">charts, graph, maps, tables</subfield>
  </datafield>
  <datafield tag="500" ind1=" " ind2=" ">
    <subfield code="a">UN sales no. not recorded on publication.</subfield>
  </datafield>
  <datafield tag="596" ind1=" " ind2=" ">
    <subfield code="a">Source for UN sales no.: United Nations Publications Catalogue 1994, p.56.</subfield>
  </datafield>
  <datafield tag="650" ind1="1" ind2="7">
    <subfield code="a">REGIONAL COOPERATION</subfield>
    <subfield code="0">(DHLAUTH)268656</subfield>
  </datafield>
  <datafield tag="650" ind1="1" ind2="7">
    <subfield code="a">REGIONAL SECURITY</subfield>
    <subfield code="0">(DHLAUTH)268589</subfield>
  </datafield>
  <datafield tag="650" ind1="1" ind2="7">
    <subfield code="a">VIOLENCE</subfield>
    <subfield code="0">(DHLAUTH)268506</subfield>
  </datafield>
  <datafield tag="650" ind1="1" ind2="7">
    <subfield code="a">WOMEN</subfield>
    <subfield code="0">(DHLAUTH)273032</subfield>
  </datafield>
  <datafield tag="650" ind1="2" ind2="7">
    <subfield code="a">HUMAN RIGHTS</subfield>
    <subfield code="0">(DHLAUTH)274431</subfield>
  </datafield>
  <datafield tag="650" ind1="2" ind2="7">
    <subfield code="a">MILITARY DEFENCES</subfield>
    <subfield code="0">(DHLAUTH)268805</subfield>
  </datafield>
  <datafield tag="650" ind1="2" ind2="7">
    <subfield code="a">NUCLEAR NON-PROLIFERATION</subfield>
    <subfield code="0">(DHLAUTH)268951</subfield>
  </datafield>
  <datafield tag="650" ind1="2" ind2="7">
    <subfield code="a">PEACEKEEPING OPERATIONS</subfield>
    <subfield code="0">(DHLAUTH)474428</subfield>
  </datafield>
  <datafield tag="650" ind1="2" ind2="7">
    <subfield code="a">CONFIDENCE-BUILDING MEASURES</subfield>
    <subfield code="0">(DHLAUTH)268594</subfield>
  </datafield>
  <datafield tag="650" ind1="2" ind2="7">
    <subfield code="a">DETERRENCE</subfield>
    <subfield code="0">(DHLAUTH)268827</subfield>
  </datafield>
  <datafield tag="651" ind1="1" ind2="7">
    <subfield code="a">ASIA AND THE PACIFIC</subfield>
    <subfield code="0">(DHLAUTH)268707</subfield>
  </datafield>
  <datafield tag="651" ind1="2" ind2="7">
    <subfield code="a">INDIA</subfield>
    <subfield code="0">(DHLAUTH)269052</subfield>
  </datafield>
  <datafield tag="651" ind1="2" ind2="7">
    <subfield code="a">OCEANIA</subfield>
    <subfield code="0">(DHLAUTH)275619</subfield>
  </datafield>
  <datafield tag="651" ind1="2" ind2="7">
    <subfield code="a">CHINA</subfield>
    <subfield code="0">(DHLAUTH)10612</subfield>
  </datafield>
  <datafield tag="651" ind1="2" ind2="7">
    <subfield code="a">JAPAN</subfield>
    <subfield code="0">(DHLAUTH)273379</subfield>
  </datafield>
  <datafield tag="700" ind1="1" ind2="0">
    <subfield code="a">Clements, Kevin P.</subfield>
    <subfield code="0">(DHLAUTH)231574</subfield>
  </datafield>
  <datafield tag="710" ind1="2" ind2="0">
    <subfield code="a">UN University</subfield>
    <subfield code="0">(DHLAUTH)20755</subfield>
  </datafield>
  <datafield tag="930" ind1=" " ind2=" ">
    <subfield code="a">UNDNO99</subfield>
  </datafield>
  <datafield tag="930" ind1=" " ind2=" ">
    <subfield code="a">UPDQ499</subfield>
  </datafield>
  <datafield tag="949" ind1=" " ind2=" ">
    <subfield code="9">92.III.A.9</subfield>
    <subfield code="b">10000000486665</subfield>
    <subfield code="i">1688512</subfield>
    <subfield code="k">gun</subfield>
    <subfield code="l">UNOG</subfield>
    <subfield code="z">t</subfield>
    <subfield code="m">unog</subfield>
    <subfield code="d">20100119190000</subfield>
  </datafield>
  <datafield tag="949" ind1=" " ind2=" ">
    <subfield code="9">355(5:9) P355</subfield>
    <subfield code="b">1000000486665a</subfield>
    <subfield code="i">1688513</subfield>
    <subfield code="k">gun</subfield>
    <subfield code="l">UNOG</subfield>
    <subfield code="z">t</subfield>
    <subfield code="m">unog</subfield>
    <subfield code="d">20100119190000</subfield>
  </datafield>
  <datafield tag="955" ind1=" " ind2=" ">
    <subfield code="a">23303200</subfield>
  </datafield>
  <datafield tag="980" ind1=" " ind2=" ">
    <subfield code="a">BIB</subfield>
  </datafield>
  <datafield tag="981" ind1=" " ind2=" ">
    <subfield code="a">Research and Training Institutions</subfield>
    <subfield code="b">United Nations University (UNU)</subfield>
  </datafield>
  <datafield tag="989" ind1=" " ind2=" ">
    <subfield code="a">Documents and Publications</subfield>
    <subfield code="b">Reports</subfield>
  </datafield>
  <datafield tag="989" ind1=" " ind2=" ">
    <subfield code="a">Documents and Publications</subfield>
    <subfield code="b">Publications</subfield>
  </datafield>
  <datafield tag="998" ind1=" " ind2=" ">
    <subfield code="a">19991021200000</subfield>
    <subfield code="b">lmcat</subfield>
    <subfield code="c">20190703061000</subfield>
    <subfield code="d">mocat</subfield>
    <subfield code="z">20190703140247</subfield>
  </datafield>
  <datafield tag="999" ind1=" " ind2=" ">
    <subfield code="a">lm</subfield>
    <subfield code="b">19991103</subfield>
    <subfield code="c">u</subfield>
  </datafield>
  <datafield tag="999" ind1=" " ind2=" ">
    <subfield code="a">mpu20061123</subfield>
    <subfield code="b">20061123</subfield>
    <subfield code="c">u</subfield>
  </datafield>
  <datafield tag="999" ind1=" " ind2=" ">
    <subfield code="a">gsu20100110</subfield>
    <subfield code="b">20100110</subfield>
    <subfield code="c">u</subfield>
  </datafield>
  <datafield tag="999" ind1=" " ind2=" ">
    <subfield code="a">mpu20061123</subfield>
    <subfield code="b">20061123</subfield>
    <subfield code="c">u</subfield>
  </datafield>
  <datafield tag="999" ind1=" " ind2=" ">
    <subfield code="a">mpu2006112320061123</subfield>
    <subfield code="b">20061123</subfield>
    <subfield code="c">u</subfield>
    <subfield code="c">u</subfield>
  </datafield>
</record>