
<record>
  <controlfield tag="000">00000nam\\2200025#a\4500</controlfield>
  <controlfield tag="001">611637</controlfield>
  <controlfield tag="005">20191106162403.0</controlfield>
  <controlfield tag="008">071114s2007\\\\usa\\\\#r\\\\\|||1|\eng\d</controlfield>
  <datafield tag="029" ind1=" " ind2=" ">
    <subfield code="a">JN</subfield>
    <subfield code="b">N0757594 E</subfield>
  </datafield>
  <datafield tag="035" ind1=" " ind2=" ">
    <subfield code="a">D846064X</subfield>
    <subfield code="z">D0349230</subfield>
  </datafield>
  <datafield tag="035" ind1=" " ind2=" ">
    <subfield code="a">(DHL)846064</subfield>
  </datafield>
  <datafield tag="039" ind1=" " ind2=" ">
    <subfield code="a">DHU</subfield>
  </datafield>
  <datafield tag="040" ind1=" " ind2=" ">
    <subfield code="a">NNUN</subfield>
    <subfield code="b">eng</subfield>
  </datafield>
  <datafield tag="041" ind1=" " ind2=" ">
    <subfield code="a">arachiengfrerusspa</subfield>
  </datafield>
  <datafield tag="049" ind1=" " ind2=" ">
    <subfield code="a">usa</subfield>
  </datafield>
  <datafield tag="089" ind1=" " ind2=" ">
    <subfield code="b">B19</subfield>
  </datafield>
  <datafield tag="091" ind1=" " ind2=" ">
    <subfield code="a">GEN</subfield>
  </datafield>
  <datafield tag="099" ind1=" " ind2=" ">
    <subfield code="a">UNH</subfield>
    <subfield code="b">DHU</subfield>
  </datafield>
  <datafield tag="191" ind1=" " ind2=" ">
    <subfield code="0">1182332</subfield>
    <subfield code="9">X01</subfield>
    <subfield code="a">S/2007/10/Add.42</subfield>
    <subfield code="b">S/</subfield>
    <subfield code="c">62</subfield>
    <subfield code="q">S200710ADD42</subfield>
    <subfield code="r">S62</subfield>
  </datafield>
  <datafield tag="245" ind1="1" ind2="0">
    <subfield code="a">Summary statement on matters of which the Security Council is seized and on the stage reached in their consideration : </subfield>
    <subfield code="b">addendum / </subfield>
    <subfield code="c">by the Secretary-General</subfield>
  </datafield>
  <datafield tag="249" ind1=" " ind2=" ">
    <subfield code="a">Summary statement on matters of which the Security Council is seized and on the stage reached in their consideration as at 27 Oct. 2007 / by the Secretary-General</subfield>
  </datafield>
  <datafield tag="260" ind1=" " ind2=" ">
    <subfield code="a">[New York] :</subfield>
    <subfield code="b">UN,</subfield>
    <subfield code="c">2 Nov. 2007</subfield>
  </datafield>
  <datafield tag="269" ind1=" " ind2=" ">
    <subfield code="a">2007-11-02</subfield>
  </datafield>
  <datafield tag="300" ind1=" " ind2=" ">
    <subfield code="a">3 p.</subfield>
  </datafield>
  <datafield tag="610" ind1="2" ind2="7">
    <subfield code="0">1192333</subfield>
    <subfield code="2">unbisn</subfield>
    <subfield code="a">UN. Security Council (62nd year : 2007)</subfield>
    <subfield code="g">Activities (Oct. 2007)</subfield>
  </datafield>
  <datafield tag="610" ind1="2" ind2="7">
    <subfield code="0">1142637</subfield>
    <subfield code="2">unbisn</subfield>
    <subfield code="a">UN Operation in Côte d'Ivoire</subfield>
  </datafield>
  <datafield tag="650" ind1="1" ind2="7">
    <subfield code="0">1277954</subfield>
    <subfield code="2">unbist</subfield>
    <subfield code="a">PEACEKEEPING OPERATIONS</subfield>
  </datafield>
  <datafield tag="650" ind1="1" ind2="7">
    <subfield code="0">1277830</subfield>
    <subfield code="2">unbist</subfield>
    <subfield code="a">INTERNAL SECURITY</subfield>
  </datafield>
  <datafield tag="650" ind1="1" ind2="7">
    <subfield code="0">1277888</subfield>
    <subfield code="2">unbist</subfield>
    <subfield code="a">TERRORISM</subfield>
  </datafield>
  <datafield tag="650" ind1="1" ind2="7">
    <subfield code="0">1277950</subfield>
    <subfield code="2">unbist</subfield>
    <subfield code="a">INTERNATIONAL SECURITY</subfield>
  </datafield>
  <datafield tag="650" ind1="1" ind2="7">
    <subfield code="0">1284852</subfield>
    <subfield code="2">unbist</subfield>
    <subfield code="a">WOMEN IN ARMED CONFLICTS</subfield>
  </datafield>
  <datafield tag="650" ind1="2" ind2="7">
    <subfield code="0">1278078</subfield>
    <subfield code="2">unbist</subfield>
    <subfield code="a">MIDDLE EAST SITUATION</subfield>
  </datafield>
  <datafield tag="650" ind1="2" ind2="7">
    <subfield code="0">1278082</subfield>
    <subfield code="2">unbist</subfield>
    <subfield code="a">PALESTINE QUESTION</subfield>
  </datafield>
  <datafield tag="651" ind1="1" ind2="7">
    <subfield code="0">1282098</subfield>
    <subfield code="2">unbist</subfield>
    <subfield code="a">COTE D'IVOIRE</subfield>
  </datafield>
  <datafield tag="651" ind1="1" ind2="7">
    <subfield code="0">1276996</subfield>
    <subfield code="2">unbist</subfield>
    <subfield code="a">DARFUR (SUDAN)</subfield>
  </datafield>
  <datafield tag="651" ind1="1" ind2="7">
    <subfield code="0">1282123</subfield>
    <subfield code="2">unbist</subfield>
    <subfield code="a">SUDAN</subfield>
  </datafield>
  <datafield tag="710" ind1="2" ind2=" ">
    <subfield code="0">864434</subfield>
    <subfield code="a">UN. Secretary-General</subfield>
  </datafield>
  <datafield tag="856" ind1="4" ind2=" ">
    <subfield code="s">106788</subfield>
    <subfield code="u">http://digitallibrary.un.org/record/611637/files/S_2007_10_Add.42-AR.pdf</subfield>
    <subfield code="y">العربية</subfield>
  </datafield>
  <datafield tag="856" ind1="4" ind2=" ">
    <subfield code="s">129692</subfield>
    <subfield code="u">http://digitallibrary.un.org/record/611637/files/S_2007_10_Add.42-ZH.pdf</subfield>
    <subfield code="y">中文</subfield>
  </datafield>
  <datafield tag="856" ind1="4" ind2=" ">
    <subfield code="s">35216</subfield>
    <subfield code="u">http://digitallibrary.un.org/record/611637/files/S_2007_10_Add.42-EN.pdf</subfield>
    <subfield code="y">English</subfield>
  </datafield>
  <datafield tag="856" ind1="4" ind2=" ">
    <subfield code="s">36622</subfield>
    <subfield code="u">http://digitallibrary.un.org/record/611637/files/S_2007_10_Add.42-FR.pdf</subfield>
    <subfield code="y">Français</subfield>
  </datafield>
  <datafield tag="856" ind1="4" ind2=" ">
    <subfield code="s">172887</subfield>
    <subfield code="u">http://digitallibrary.un.org/record/611637/files/S_2007_10_Add.42-RU.pdf</subfield>
    <subfield code="y">Русский</subfield>
  </datafield>
  <datafield tag="856" ind1="4" ind2=" ">
    <subfield code="s">35210</subfield>
    <subfield code="u">http://digitallibrary.un.org/record/611637/files/S_2007_10_Add.42-ES.pdf</subfield>
    <subfield code="y">Español</subfield>
  </datafield>
  <datafield tag="930" ind1=" " ind2=" ">
    <subfield code="a">UNDNO07</subfield>
  </datafield>
  <datafield tag="949" ind1=" " ind2=" ">
    <subfield code="9">S/2007/10/Add.42</subfield>
    <subfield code="b">1509315.5.1</subfield>
    <subfield code="c">c. 1</subfield>
    <subfield code="d">20071113190000</subfield>
    <subfield code="i">1509315</subfield>
    <subfield code="k">unss</subfield>
    <subfield code="l">DHL</subfield>
    <subfield code="m">14day</subfield>
    <subfield code="z">t</subfield>
  </datafield>
  <datafield tag="949" ind1=" " ind2=" ">
    <subfield code="9">S/2007/10/Add.42</subfield>
    <subfield code="b">1509312.2.1</subfield>
    <subfield code="c">c. 1</subfield>
    <subfield code="d">20071113190000</subfield>
    <subfield code="i">1509312</subfield>
    <subfield code="k">unes</subfield>
    <subfield code="l">DHL</subfield>
    <subfield code="m">14day</subfield>
    <subfield code="z">t</subfield>
  </datafield>
  <datafield tag="949" ind1=" " ind2=" ">
    <subfield code="9">S/2007/10/Add.42</subfield>
    <subfield code="b">1509314.4.1</subfield>
    <subfield code="c">c. 1</subfield>
    <subfield code="d">20071113190000</subfield>
    <subfield code="i">1509314</subfield>
    <subfield code="k">unrs</subfield>
    <subfield code="l">DHL</subfield>
    <subfield code="m">14day</subfield>
    <subfield code="z">t</subfield>
  </datafield>
  <datafield tag="949" ind1=" " ind2=" ">
    <subfield code="9">S/2007/10/Add.42</subfield>
    <subfield code="b">1509313.3.1</subfield>
    <subfield code="c">c. 1</subfield>
    <subfield code="d">20071113190000</subfield>
    <subfield code="i">1509313</subfield>
    <subfield code="k">unfs</subfield>
    <subfield code="l">DHL</subfield>
    <subfield code="m">14day</subfield>
    <subfield code="z">t</subfield>
  </datafield>
  <datafield tag="949" ind1=" " ind2=" ">
    <subfield code="9">S/2007/10/Add.42</subfield>
    <subfield code="b">10000008460641</subfield>
    <subfield code="c">c. 1</subfield>
    <subfield code="d">20071113190000</subfield>
    <subfield code="i">1509310</subfield>
    <subfield code="k">unas</subfield>
    <subfield code="l">DHL</subfield>
    <subfield code="m">14day</subfield>
    <subfield code="z">t</subfield>
  </datafield>
  <datafield tag="949" ind1=" " ind2=" ">
    <subfield code="9">S/2007/10/Add.42</subfield>
    <subfield code="b">1509311.1.1</subfield>
    <subfield code="c">c. 1</subfield>
    <subfield code="d">20071113190000</subfield>
    <subfield code="i">1509311</subfield>
    <subfield code="k">uncs</subfield>
    <subfield code="l">DHL</subfield>
    <subfield code="m">14day</subfield>
    <subfield code="z">t</subfield>
  </datafield>
  <datafield tag="980" ind1=" " ind2=" ">
    <subfield code="a">BIB</subfield>
  </datafield>
  <datafield tag="981" ind1=" " ind2=" ">
    <subfield code="a">Security Council</subfield>
  </datafield>
  <datafield tag="989" ind1=" " ind2=" ">
    <subfield code="a">Documents and Publications</subfield>
  </datafield>
  <datafield tag="991" ind1="3" ind2=" ">
    <subfield code="a">S/62</subfield>
    <subfield code="b">[2]</subfield>
    <subfield code="d">UN. SECURITY COUNCIL (2007)--AGENDA</subfield>
    <subfield code="z">I0195555</subfield>
    <subfield code="0">(DHLAUTH)719959</subfield>
  </datafield>
  <datafield tag="998" ind1=" " ind2=" ">
    <subfield code="a">20071114043100</subfield>
    <subfield code="b">llacq</subfield>
    <subfield code="c">20160728064800</subfield>
    <subfield code="d">shkcat</subfield>
  </datafield>
  <datafield tag="999" ind1=" " ind2=" ">
    <subfield code="a">TTr20071116</subfield>
    <subfield code="b">20071116</subfield>
    <subfield code="c">r</subfield>
  </datafield>
  <datafield tag="999" ind1=" " ind2=" ">
    <subfield code="a">slt20071116</subfield>
    <subfield code="b">20071116</subfield>
    <subfield code="c">t</subfield>
  </datafield>
  <datafield tag="999" ind1=" " ind2=" ">
    <subfield code="a">llq20071114</subfield>
    <subfield code="b">20071114</subfield>
    <subfield code="c">q</subfield>
  </datafield>
  <datafield tag="999" ind1=" " ind2=" ">
    <subfield code="a">ezc20071115</subfield>
    <subfield code="b">20071115</subfield>
    <subfield code="c">c</subfield>
  </datafield>
  <datafield tag="999" ind1=" " ind2=" ">
    <subfield code="a">vwu20071205</subfield>
    <subfield code="b">20071205</subfield>
    <subfield code="c">u</subfield>
  </datafield>
</record>