
<record>
  <controlfield tag="000">00000nam\\2200025#a\4500</controlfield>
  <controlfield tag="001">694652</controlfield>
  <controlfield tag="005">20230413164355.0</controlfield>
  <controlfield tag="008">101213s2010\\\\usa\\\\#r\\\\\|||1|\eng\d</controlfield>
  <datafield tag="029" ind1=" " ind2=" ">
    <subfield code="a">JN</subfield>
    <subfield code="b">N1065853 E</subfield>
  </datafield>
  <datafield tag="035" ind1=" " ind2=" ">
    <subfield code="a">D936882X</subfield>
    <subfield code="z">D0377497</subfield>
  </datafield>
  <datafield tag="035" ind1=" " ind2=" ">
    <subfield code="a">(DHL)936882</subfield>
  </datafield>
  <datafield tag="039" ind1=" " ind2=" ">
    <subfield code="a">DHU</subfield>
  </datafield>
  <datafield tag="040" ind1=" " ind2=" ">
    <subfield code="a">NNUN</subfield>
    <subfield code="b">eng</subfield>
  </datafield>
  <datafield tag="041" ind1="0" ind2=" ">
    <subfield code="a">arachiengfrerusspa</subfield>
  </datafield>

  <datafield tag="049" ind1=" " ind2=" ">
    <subfield code="a">usa</subfield>
  </datafield>
  <datafield tag="089" ind1=" " ind2=" ">
    <subfield code="b">B19</subfield>
  </datafield>
  <datafield tag="091" ind1=" " ind2=" ">
    <subfield code="a">GEN</subfield>
  </datafield>
  <datafield tag="099" ind1=" " ind2=" ">
    <subfield code="a">UNH</subfield>
    <subfield code="b">DHU</subfield>
  </datafield>
  <datafield tag="191" ind1=" " ind2=" ">
    <subfield code="a">S/2010/10/Add.43</subfield>
    <subfield code="b">S/</subfield>
    <subfield code="c">65</subfield>
    <subfield code="9">X01</subfield>
    <subfield code="q">S201010ADD43</subfield>
    <subfield code="r">S65</subfield>
    <subfield code="0">(DHLAUTH)776329</subfield>
  </datafield>
  <datafield tag="245" ind1="1" ind2="0">
    <subfield code="a">Summary statement on matters of which the Security Council is seized and on the stage reached in their consideration :</subfield>
    <subfield code="b">addendum /</subfield>
    <subfield code="c">by the Secretary-General</subfield>
  </datafield>
  <datafield tag="249" ind1=" " ind2=" ">
    <subfield code="a">Summary statement on matters of which the Security Council is seized and on the stage reached in their consideration as at 30 Oct. 2010 / by the Secretary-General</subfield>
  </datafield>
  <datafield tag="260" ind1=" " ind2=" ">
    <subfield code="a">[New York] :</subfield>
    <subfield code="b">UN,</subfield>
    <subfield code="c">1 Nov. 2010</subfield>
  </datafield>
  <datafield tag="269" ind1=" " ind2=" ">
    <subfield code="a">2010-11-01</subfield>
  </datafield>
  <datafield tag="300" ind1=" " ind2=" ">
    <subfield code="a">4 p.</subfield>
  </datafield>
  <datafield tag="600" ind1="1" ind2="7">
    <subfield code="a">Owada, Hisashi</subfield>
    <subfield code="2">unbisn</subfield>
    <subfield code="0">(DHLAUTH)312598</subfield>
  </datafield>
  <datafield tag="610" ind1="2" ind2="7">
    <subfield code="a">ICJ. President</subfield>
    <subfield code="2">unbisn</subfield>
    <subfield code="0">(DHLAUTH)183668</subfield>
  </datafield>
  <datafield tag="610" ind1="2" ind2="7">
    <subfield code="a">UN-Women</subfield>
    <subfield code="2">unbisn</subfield>
    <subfield code="0">(DHLAUTH)785667</subfield>
  </datafield>
  <datafield tag="610" ind1="2" ind2="7">
    <subfield code="a">UN. Security Council (65th year : 2010)</subfield>
    <subfield code="g">Activities (Oct. 2010)</subfield>
    <subfield code="2">unbisn</subfield>
    <subfield code="0">(DHLAUTH)791682</subfield>
  </datafield>
  <datafield tag="610" ind1="2" ind2="7">
    <subfield code="a">UN. Security Council</subfield>
    <subfield code="g">Activities (2007-2010)</subfield>
    <subfield code="2">unbisn</subfield>
    <subfield code="0">(DHLAUTH)782767</subfield>
  </datafield>
  <datafield tag="610" ind1="2" ind2="7">
    <subfield code="a">UN. Peacebuilding Commission</subfield>
    <subfield code="2">unbisn</subfield>
    <subfield code="0">(DHLAUTH)677863</subfield>
  </datafield>
  <datafield tag="650" ind1="1" ind2="7">
    <subfield code="a">PEACEKEEPING OPERATIONS</subfield>
    <subfield code="2">unbist</subfield>
    <subfield code="0">(DHLAUTH)474428</subfield>
  </datafield>
  <datafield tag="650" ind1="1" ind2="7">
    <subfield code="a">DARFUR (SUDAN)</subfield>
    <subfield code="2">unbist</subfield>
    <subfield code="0">(DHLAUTH)276963</subfield>
  </datafield>
  <datafield tag="650" ind1="1" ind2="7">
    <subfield code="a">WOMEN IN ARMED CONFLICTS</subfield>
    <subfield code="2">unbist</subfield>
    <subfield code="0">(DHLAUTH)652111</subfield>
  </datafield>
  <datafield tag="650" ind1="1" ind2="7">
    <subfield code="a">PEACEBUILDING</subfield>
    <subfield code="2">unbist</subfield>
    <subfield code="0">(DHLAUTH)268714</subfield>
  </datafield>
  <datafield tag="650" ind1="1" ind2="7">
    <subfield code="a">INTERNATIONAL SECURITY</subfield>
    <subfield code="2">unbist</subfield>
    <subfield code="0">(DHLAUTH)268587</subfield>
  </datafield>
  <datafield tag="650" ind1="1" ind2="7">
    <subfield code="a">PEACEBUILDING</subfield>
    <subfield code="2">unbist</subfield>
    <subfield code="0">(DHLAUTH)268714</subfield>
  </datafield>

  <datafield tag="710" ind1="2" ind2=" ">
    <subfield code="a">UN. Secretary-General</subfield>
    <subfield code="0">(DHLAUTH)10663</subfield>
  </datafield>
  <datafield tag="856" ind1="4" ind2=" ">
    <subfield code="y">العربية</subfield>
    <subfield code="9">b3418105-5c8f-440d-9782-43641547569e</subfield>
    <subfield code="s">89341</subfield>
    <subfield code="u">https://digitallibrary.un.org/record/694652/files/S_2010_10_Add.43-AR.pdf</subfield>
  </datafield>
  <datafield tag="856" ind1="4" ind2=" ">
    <subfield code="y">English</subfield>
    <subfield code="9">aa4b7dac-9dd9-4610-a623-172154fdb019</subfield>
    <subfield code="s">35245</subfield>
    <subfield code="u">https://digitallibrary.un.org/record/694652/files/S_2010_10_Add.43-EN.pdf</subfield>
  </datafield>
  <datafield tag="856" ind1="4" ind2=" ">
    <subfield code="y">Español</subfield>
    <subfield code="9">eb6e91cb-8836-4b13-8d14-54847ec401ad</subfield>
    <subfield code="s">96956</subfield>
    <subfield code="u">https://digitallibrary.un.org/record/694652/files/S_2010_10_Add.43-ES.pdf</subfield>
  </datafield>
  <datafield tag="856" ind1="4" ind2=" ">
    <subfield code="y">Français</subfield>
    <subfield code="9">d1cad944-b7d2-4662-8d90-3542378f2663</subfield>
    <subfield code="s">36607</subfield>
    <subfield code="u">https://digitallibrary.un.org/record/694652/files/S_2010_10_Add.43-FR.pdf</subfield>
  </datafield>
  <datafield tag="856" ind1="4" ind2=" ">
    <subfield code="y">Русский</subfield>
    <subfield code="9">08434bf9-3aa9-48ae-8b92-dd54702550ac</subfield>
    <subfield code="s">142757</subfield>
    <subfield code="u">https://digitallibrary.un.org/record/694652/files/S_2010_10_Add.43-RU.pdf</subfield>
  </datafield>
  <datafield tag="856" ind1="4" ind2=" ">
    <subfield code="y">中文</subfield>
    <subfield code="9">8be72c00-26ae-4e51-8bca-8c28f7d177f5</subfield>
    <subfield code="s">121985</subfield>
    <subfield code="u">https://digitallibrary.un.org/record/694652/files/S_2010_10_Add.43-ZH.pdf</subfield>
  </datafield>
  <datafield tag="930" ind1=" " ind2=" ">
    <subfield code="a">UNDDE10</subfield>
  </datafield>
  <datafield tag="949" ind1=" " ind2=" ">
    <subfield code="9">S/2010/10/Add.43</subfield>
    <subfield code="b">1754679.5.1</subfield>
    <subfield code="c">c. 1</subfield>
    <subfield code="d">20101212190000</subfield>
    <subfield code="i">1754679</subfield>
    <subfield code="k">unss</subfield>
    <subfield code="l">DHL</subfield>
    <subfield code="m">14day</subfield>
    <subfield code="z">t</subfield>
  </datafield>
  <datafield tag="949" ind1=" " ind2=" ">
    <subfield code="9">S/2010/10/Add.43</subfield>
    <subfield code="b">10000000936882</subfield>
    <subfield code="c">c. 1</subfield>
    <subfield code="d">20101212190000</subfield>
    <subfield code="i">1754674</subfield>
    <subfield code="k">unes</subfield>
    <subfield code="l">DHL</subfield>
    <subfield code="m">14day</subfield>
    <subfield code="z">t</subfield>
  </datafield>
  <datafield tag="949" ind1=" " ind2=" ">
    <subfield code="9">S/2010/10/Add.43</subfield>
    <subfield code="b">1754678.4.1</subfield>
    <subfield code="c">c. 1</subfield>
    <subfield code="d">20101212190000</subfield>
    <subfield code="i">1754678</subfield>
    <subfield code="k">unrs</subfield>
    <subfield code="l">DHL</subfield>
    <subfield code="m">14day</subfield>
    <subfield code="z">t</subfield>
  </datafield>
  <datafield tag="949" ind1=" " ind2=" ">
    <subfield code="9">S/2010/10/Add.43</subfield>
    <subfield code="b">1754677.3.1</subfield>
    <subfield code="c">c. 1</subfield>
    <subfield code="d">20101212190000</subfield>
    <subfield code="i">1754677</subfield>
    <subfield code="k">unfs</subfield>
    <subfield code="l">DHL</subfield>
    <subfield code="m">14day</subfield>
    <subfield code="z">t</subfield>
  </datafield>
  <datafield tag="949" ind1=" " ind2=" ">
    <subfield code="9">S/2010/10/Add.43</subfield>
    <subfield code="b">1754675.1.1</subfield>
    <subfield code="c">c. 1</subfield>
    <subfield code="d">20101212190000</subfield>
    <subfield code="i">1754675</subfield>
    <subfield code="k">unas</subfield>
    <subfield code="l">DHL</subfield>
    <subfield code="m">14day</subfield>
    <subfield code="z">t</subfield>
  </datafield>
  <datafield tag="949" ind1=" " ind2=" ">
    <subfield code="9">S/2010/10/Add.43</subfield>
    <subfield code="b">1754676.2.1</subfield>
    <subfield code="c">c. 1</subfield>
    <subfield code="d">20101212190000</subfield>
    <subfield code="i">1754676</subfield>
    <subfield code="k">uncs</subfield>
    <subfield code="l">DHL</subfield>
    <subfield code="m">14day</subfield>
    <subfield code="z">t</subfield>
  </datafield>
  <datafield tag="980" ind1=" " ind2=" ">
    <subfield code="a">BIB</subfield>
  </datafield>
  <datafield tag="981" ind1=" " ind2=" ">
    <subfield code="a">Security Council</subfield>
  </datafield>
  <datafield tag="989" ind1=" " ind2=" ">
    <subfield code="a">Documents and Publications</subfield>
  </datafield>
  <datafield tag="991" ind1="3" ind2=" ">
    <subfield code="a">S/65</subfield>
    <subfield code="b">[2]</subfield>
    <subfield code="d">UN. SECURITY COUNCIL (2010)--AGENDA</subfield>
    <subfield code="z">I</subfield>
    <subfield code="0">(DHLAUTH)773966</subfield>
  </datafield>
  <datafield tag="998" ind1=" " ind2=" ">
    <subfield code="a">20101213094200</subfield>
    <subfield code="b">pnser</subfield>
    <subfield code="c">20160728104800</subfield>
    <subfield code="d">shkcat</subfield>
    <subfield code="x">0x00010000b454da72</subfield>
    <subfield code="z">20200217173843</subfield>
  </datafield>
  <datafield tag="999" ind1=" " ind2=" ">
    <subfield code="a">pgr20101213</subfield>
    <subfield code="b">20101213</subfield>
    <subfield code="c">r</subfield>
  </datafield>
  <datafield tag="999" ind1=" " ind2=" ">
    <subfield code="a">pnq20101213</subfield>
    <subfield code="b">20101213</subfield>
    <subfield code="c">q</subfield>
  </datafield>
  <datafield tag="999" ind1=" " ind2=" ">
    <subfield code="a">koc20101213</subfield>
    <subfield code="b">20101213</subfield>
    <subfield code="c">c</subfield>
  </datafield>
  <datafield tag="999" ind1=" " ind2=" ">
    <subfield code="a">vwt20101213</subfield>
    <subfield code="b">20101213</subfield>
    <subfield code="c">t</subfield>
  </datafield>
</record>