
<record>
  <controlfield tag="000">02268cam\\2200541#a\4500</controlfield>
  <controlfield tag="001">410623</controlfield>
  <controlfield tag="005">20180803223412.0</controlfield>
  <controlfield tag="008">000329c1999\\\\fra\\\\\r\\\\i000\0deng</controlfield>
  <datafield tag="020" ind1=" " ind2=" ">
    <subfield code="a">9231035592</subfield>
  </datafield>
  <datafield tag="035" ind1=" " ind2=" ">
    <subfield code="a">C0107075</subfield>
  </datafield>
  <datafield tag="035" ind1=" " ind2=" ">
    <subfield code="a">(DHL)611741</subfield>
  </datafield>
  <datafield tag="039" ind1=" " ind2=" ">
    <subfield code="a">DHC</subfield>
  </datafield>
  <datafield tag="040" ind1=" " ind2=" ">
    <subfield code="a">NNUN</subfield>
    <subfield code="b">eng</subfield>
  </datafield>
  <datafield tag="041" ind1=" " ind2=" ">
    <subfield code="a">engspa</subfield>
  </datafield>
  <datafield tag="049" ind1=" " ind2=" ">
    <subfield code="a">fra</subfield>
  </datafield>
  <datafield tag="069" ind1=" " ind2=" ">
    <subfield code="a">ACC</subfield>
    <subfield code="b">142</subfield>
  </datafield>
  <datafield tag="089" ind1=" " ind2=" ">
    <subfield code="b">A01</subfield>
  </datafield>
  <datafield tag="089" ind1=" " ind2=" ">
    <subfield code="b">C08</subfield>
  </datafield>
  <datafield tag="099" ind1=" " ind2=" ">
    <subfield code="a">UNH</subfield>
    <subfield code="b">DHU</subfield>
    <subfield code="c">UNESCO(02)/B835</subfield>
    <subfield code="q">UNESCO02B835</subfield>
  </datafield>
  <datafield tag="245" ind1="0" ind2="0">
    <subfield code="a">Towards a women's agenda for a culture of peace /</subfield>
    <subfield code="c">edited by Ingeborg Breines, Dorota Gierycz and Betty A. Reardon</subfield>
  </datafield>
  <datafield tag="260" ind1=" " ind2=" ">
    <subfield code="a">Paris :</subfield>
    <subfield code="b">UNESCO Pub.,</subfield>
    <subfield code="c">1999.</subfield>
  </datafield>
  <datafield tag="269" ind1=" " ind2=" ">
    <subfield code="a">1999</subfield>
  </datafield>
  <datafield tag="300" ind1=" " ind2=" ">
    <subfield code="a">265 p.</subfield>
  </datafield>
  <datafield tag="490" ind1="1" ind2=" ">
    <subfield code="a">Cultures of peace series</subfield>
  </datafield>
  <datafield tag="500" ind1=" " ind2=" ">
    <subfield code="a">In appendices: Report of the Expert Group Meeting on Gender and the Agenda for Peace, Report of the Expert Group Meeting on Women's Contribution to a Culture of Peace, UNESCO Statement on Women's Contribution to a Culture of Peace, Agenda for Peace : Preventive Diplomacy, Peacemaking and Peacekeeping.</subfield>
  </datafield>
  <datafield tag="500" ind1=" " ind2=" ">
    <subfield code="a">"A joint publication of the Women and a Culture of Peace Programme of UNESCO and the United Nations Division for the Advancement of Women"--Back cover.</subfield>
  </datafield>
  <datafield tag="500" ind1=" " ind2=" ">
    <subfield code="a">Includes bibliographies.</subfield>
  </datafield>
  <datafield tag="596" ind1=" " ind2=" ">
    <subfield code="a">Original cataloguing.</subfield>
  </datafield>
  <datafield tag="610" ind1="2" ind2="7">
    <subfield code="0">864771</subfield>
    <subfield code="2">unbisn</subfield>
    <subfield code="a">UN</subfield>
  </datafield>
  <datafield tag="611" ind1="2" ind2="7">
    <subfield code="0">1035643</subfield>
    <subfield code="2">unbisn</subfield>
    <subfield code="a">Expert Group Meeting on Gender and the Agenda for Peace (1994 : New York)</subfield>
  </datafield>
  <datafield tag="611" ind1="2" ind2="7">
    <subfield code="0">1093405</subfield>
    <subfield code="2">unbisn</subfield>
    <subfield code="a">Expert Group Meeting on Women's Contribution to a Culture of Peace (1995 : Manila)</subfield>
  </datafield>
  <datafield tag="630" ind1="0" ind2="7">
    <subfield code="0">1093406</subfield>
    <subfield code="a">Unesco Statement on Women's Contribution to a Culture of Peace (1995)</subfield>
  </datafield>
  <datafield tag="630" ind1="0" ind2="7">
    <subfield code="0">908947</subfield>
    <subfield code="2">unbisn</subfield>
    <subfield code="a">Agenda for Peace : Preventive Diplomacy, Peacemaking and Peacekeeping</subfield>
  </datafield>
  <datafield tag="650" ind1="1" ind2="7">
    <subfield code="0">1280146</subfield>
    <subfield code="2">unbist</subfield>
    <subfield code="a">WOMEN</subfield>
  </datafield>
  <datafield tag="650" ind1="1" ind2="7">
    <subfield code="0">1277934</subfield>
    <subfield code="2">unbist</subfield>
    <subfield code="a">PEACE</subfield>
  </datafield>
  <datafield tag="650" ind1="1" ind2="7">
    <subfield code="0">1282729</subfield>
    <subfield code="2">unbist</subfield>
    <subfield code="a">EDUCATION FOR PEACE</subfield>
  </datafield>
  <datafield tag="650" ind1="2" ind2="7">
    <subfield code="0">1284083</subfield>
    <subfield code="2">unbist</subfield>
    <subfield code="a">PEACEMAKING</subfield>
  </datafield>
  <datafield tag="650" ind1="2" ind2="7">
    <subfield code="0">1277954</subfield>
    <subfield code="2">unbist</subfield>
    <subfield code="a">PEACEKEEPING OPERATIONS</subfield>
  </datafield>
  <datafield tag="650" ind1="2" ind2="7">
    <subfield code="0">1284084</subfield>
    <subfield code="2">unbist</subfield>
    <subfield code="a">PEACEBUILDING</subfield>
  </datafield>
  <datafield tag="710" ind1="2" ind2=" ">
    <subfield code="0">864706</subfield>
    <subfield code="a">Unesco</subfield>
  </datafield>
  <datafield tag="710" ind1="2" ind2=" ">
    <subfield code="0">1093407</subfield>
    <subfield code="a">Unesco. Women and a Culture of Peace Programme</subfield>
  </datafield>
  <datafield tag="710" ind1="2" ind2=" ">
    <subfield code="0">881335</subfield>
    <subfield code="a">UN. Division for the Advancement of Women</subfield>
  </datafield>
  <datafield tag="767" ind1=" " ind2=" ">
    <subfield code="9">spa</subfield>
    <subfield code="t">Mujeres a favor de la paz : hacia un programa de acción</subfield>
    <subfield code="z">923303559X</subfield>
  </datafield>
  <datafield tag="830" ind1=" " ind2=" ">
    <subfield code="0">926983</subfield>
    <subfield code="a">Cultures of peace</subfield>
  </datafield>
  <datafield tag="930" ind1=" " ind2=" ">
    <subfield code="a">CATMAR00</subfield>
  </datafield>
  <datafield tag="930" ind1=" " ind2=" ">
    <subfield code="a">UNS</subfield>
  </datafield>
  <datafield tag="930" ind1=" " ind2=" ">
    <subfield code="a">UPCQ100</subfield>
  </datafield>
  <datafield tag="949" ind1=" " ind2=" ">
    <subfield code="9">UNESCO(02)/B835</subfield>
    <subfield code="b">11949001091789</subfield>
    <subfield code="c">ENG</subfield>
    <subfield code="d">20000328200000</subfield>
    <subfield code="i">841482</subfield>
    <subfield code="k">sau</subfield>
    <subfield code="l">DHL</subfield>
    <subfield code="m">circ</subfield>
    <subfield code="z">i</subfield>
  </datafield>
  <datafield tag="949" ind1=" " ind2=" ">
    <subfield code="9">UNESCO(02)/B835</subfield>
    <subfield code="b">11949002071228</subfield>
    <subfield code="c">SPA</subfield>
    <subfield code="d">20030511200000</subfield>
    <subfield code="i">1133837</subfield>
    <subfield code="k">sas</subfield>
    <subfield code="l">DHL</subfield>
    <subfield code="m">14day</subfield>
    <subfield code="z">i</subfield>
  </datafield>
  <datafield tag="980" ind1=" " ind2=" ">
    <subfield code="a">BIB</subfield>
  </datafield>
  <datafield tag="989" ind1=" " ind2=" ">
    <subfield code="a">Documents and Publications</subfield>
    <subfield code="b">Publications</subfield>
  </datafield>
  <datafield tag="998" ind1=" " ind2=" ">
    <subfield code="a">20000328200000</subfield>
    <subfield code="b">cgcat</subfield>
    <subfield code="c">20160728064800</subfield>
    <subfield code="d">shkcat</subfield>
  </datafield>
  <datafield tag="999" ind1=" " ind2=" ">
    <subfield code="a">CG</subfield>
    <subfield code="b">20000329</subfield>
    <subfield code="c">c</subfield>
  </datafield>
  <datafield tag="999" ind1=" " ind2=" ">
    <subfield code="a">IB</subfield>
    <subfield code="b">20000329</subfield>
    <subfield code="c">r</subfield>
  </datafield>
  <datafield tag="999" ind1=" " ind2=" ">
    <subfield code="a">SALu20030512</subfield>
    <subfield code="b">20030512</subfield>
    <subfield code="c">c</subfield>
  </datafield>
</record>