
<record>
  <controlfield tag="000">02260cam a2200601#a 4500</controlfield>
  <controlfield tag="001">1491572</controlfield>
  <controlfield tag="005">20211228004022.0</controlfield>
  <controlfield tag="008">990312c1999    usa     r     00010 eng d</controlfield>
  <datafield tag="029" ind1=" " ind2=" ">
    <subfield code="a">JN</subfield>
    <subfield code="b">N9902526 E</subfield>
  </datafield>
  <datafield tag="035" ind1=" " ind2=" ">
    <subfield code="a">D464250X</subfield>
    <subfield code="z">D0234605</subfield>
  </datafield>
  <datafield tag="035" ind1=" " ind2=" ">
    <subfield code="a">(DHL)464250</subfield>
  </datafield>
  <datafield tag="039" ind1=" " ind2=" ">
    <subfield code="a">DHU</subfield>
  </datafield>
  <datafield tag="040" ind1=" " ind2=" ">
    <subfield code="a">NNUN</subfield>
    <subfield code="b">eng</subfield>
  </datafield>
  <datafield tag="041" ind1="0" ind2=" ">
    <subfield code="a">arachiengfrerusspa</subfield>
  </datafield>
  <datafield tag="049" ind1=" " ind2=" ">
    <subfield code="a">USA</subfield>
  </datafield>
  <datafield tag="089" ind1=" " ind2=" ">
    <subfield code="b">A17</subfield>
  </datafield>
  <datafield tag="089" ind1=" " ind2=" ">
    <subfield code="b">B15</subfield>
  </datafield>
  <datafield tag="089" ind1=" " ind2=" ">
    <subfield code="b">B16</subfield>
  </datafield>
  <datafield tag="089" ind1=" " ind2=" ">
    <subfield code="b">B11</subfield>
  </datafield>
  <datafield tag="091" ind1=" " ind2=" ">
    <subfield code="a">GEN</subfield>
  </datafield>
  <datafield tag="099" ind1=" " ind2=" ">
    <subfield code="a">UNH</subfield>
    <subfield code="b">DHU</subfield>
  </datafield>
  <datafield tag="191" ind1=" " ind2=" ">
    <subfield code="a">A/53/779/Add.1</subfield>
    <subfield code="b">A/</subfield>
    <subfield code="c">53</subfield>
    <subfield code="9">G00</subfield>
    <subfield code="q">A53779ADD1</subfield>
    <subfield code="r">A53</subfield>
    <subfield code="0">(DHLAUTH)474159</subfield>
  </datafield>
  <datafield tag="239" ind1="1" ind2="0">
    <subfield code="a">Financing of the United Nations peacekeeping forces in the Middle East :#United Nations Disengagement Observer Force : report of the Secretary-General</subfield>
  </datafield>
  <datafield tag="245" ind1="0" ind2="0">
    <subfield code="a">Report of the Secretary-General</subfield>
  </datafield>
  <datafield tag="249" ind1=" " ind2=" ">
    <subfield code="a">Report on financing of the UN Peacekeeping forces in the Middle East: UN Disengagement Observer Force : addendum / Secretary-General</subfield>
  </datafield>
  <datafield tag="260" ind1=" " ind2=" ">
    <subfield code="a">[New York] :</subfield>
    <subfield code="b">UN,</subfield>
    <subfield code="c">29 Jan. 1999</subfield>
  </datafield>
  <datafield tag="269" ind1=" " ind2=" ">
    <subfield code="a">1999-01-29</subfield>
  </datafield>
  <datafield tag="300" ind1=" " ind2=" ">
    <subfield code="a">35 p. :</subfield>
    <subfield code="b">charts, map, tables</subfield>
  </datafield>
  <datafield tag="500" ind1=" " ind2=" ">
    <subfield code="a">Includes#UN map no. 2916 rev.44: UNDOF deployment as of November 1998#(Nov. 1998).</subfield>
  </datafield>
  <datafield tag="500" ind1=" " ind2=" ">
    <subfield code="a">Contains proposed budget from 1 July 1999 to 30 June 2000.</subfield>
  </datafield>
  <datafield tag="610" ind1="2" ind2="7">
    <subfield code="a">UN Disengagement Observer Force</subfield>
    <subfield code="g">Financing</subfield>
    <subfield code="0">(DHLAUTH)328655</subfield>
  </datafield>
  <datafield tag="610" ind1="2" ind2="7">
    <subfield code="2">unbisn</subfield>
    <subfield code="a">UN Disengagement Observer Force</subfield>
    <subfield code="g">Budget (1999-2000)</subfield>
    <subfield code="0">(DHLAUTH)532037</subfield>
  </datafield>
  <datafield tag="610" ind1="2" ind2="4">
    <subfield code="a">UN DISENGAGEMENT OBSERVER FORCE</subfield>
    <subfield code="g">ORGANIZATIONAL STRUCTURE.</subfield>
    <subfield code="0">(DHLAUTH)466694</subfield>
  </datafield>
  <datafield tag="650" ind1="0" ind2="7">
    <subfield code="a">PEACEKEEPING OPERATIONS</subfield>
    <subfield code="0">(DHLAUTH)474428</subfield>
  </datafield>
  <datafield tag="650" ind1="0" ind2="7">
    <subfield code="a">MAPS</subfield>
    <subfield code="2">unbist</subfield>
    <subfield code="0">(DHLAUTH)9705</subfield>
  </datafield>
  <datafield tag="650" ind1="0" ind2="7">
    <subfield code="a">MIDDLE EAST</subfield>
    <subfield code="0">(DHLAUTH)10135</subfield>
  </datafield>
  <datafield tag="650" ind1="0" ind2="7">
    <subfield code="a">FINANCING</subfield>
    <subfield code="0">(DHLAUTH)10479</subfield>
  </datafield>
  <datafield tag="650" ind1="0" ind2="7">
    <subfield code="a">COSTS</subfield>
    <subfield code="2">unbist</subfield>
    <subfield code="0">(DHLAUTH)269595</subfield>
  </datafield>
  <datafield tag="650" ind1="0" ind2="7">
    <subfield code="a">RESOURCES ALLOCATION</subfield>
    <subfield code="2">unbist</subfield>
    <subfield code="0">(DHLAUTH)269658</subfield>
  </datafield>
  <datafield tag="650" ind1="0" ind2="7">
    <subfield code="a">TRUST FUNDS</subfield>
    <subfield code="2">unbist</subfield>
    <subfield code="0">(DHLAUTH)270424</subfield>
  </datafield>
  <datafield tag="650" ind1="0" ind2="7">
    <subfield code="a">BUDGET CONTRIBUTIONS</subfield>
    <subfield code="2">unbist</subfield>
    <subfield code="0">(DHLAUTH)275750</subfield>
  </datafield>
  <datafield tag="650" ind1="0" ind2="7">
    <subfield code="a">TROOP-CONTRIBUTING STATES</subfield>
    <subfield code="2">unbist</subfield>
    <subfield code="0">(DHLAUTH)268938</subfield>
  </datafield>
  <datafield tag="650" ind1="0" ind2="7">
    <subfield code="a">REIMBURSEMENT</subfield>
    <subfield code="2">unbist</subfield>
    <subfield code="0">(DHLAUTH)270411</subfield>
  </datafield>
  <datafield tag="650" ind1="0" ind2="7">
    <subfield code="a">EQUIPMENT AND SUPPLIES</subfield>
    <subfield code="2">unbist</subfield>
    <subfield code="0">(DHLAUTH)271339</subfield>
  </datafield>
  <datafield tag="650" ind1="0" ind2="7">
    <subfield code="a">STAFFING</subfield>
    <subfield code="2">unbist</subfield>
    <subfield code="0">(DHLAUTH)272050</subfield>
  </datafield>
  <datafield tag="650" ind1="0" ind2="7">
    <subfield code="a">MILITARY PERSONNEL</subfield>
    <subfield code="0">(DHLAUTH)268838</subfield>
  </datafield>
  <datafield tag="650" ind1="0" ind2="7">
    <subfield code="a">ORGANIZATIONAL STRUCTURE</subfield>
    <subfield code="2">unbist</subfield>
    <subfield code="0">(DHLAUTH)272030</subfield>
  </datafield>
  <datafield tag="650" ind1="0" ind2="7">
    <subfield code="a">BUDGET</subfield>
    <subfield code="2">unbist</subfield>
    <subfield code="0">(DHLAUTH)270085</subfield>
  </datafield>
  <datafield tag="710" ind1="2" ind2="0">
    <subfield code="a">UN. Secretary-General</subfield>
    <subfield code="0">(DHLAUTH)10663</subfield>
  </datafield>
  <datafield tag="856" ind1="4" ind2=" ">
    <subfield code="y">العربية</subfield>
    <subfield code="9">92743634-06f2-405c-aa58-ddcdd38ea7ae</subfield>
    <subfield code="s">1027324</subfield>
    <subfield code="u">https://digitallibrary.un.org/record/1491572/files/A_53_779_Add.1-AR.pdf</subfield>
  </datafield>
  <datafield tag="856" ind1="4" ind2=" ">
    <subfield code="y">English</subfield>
    <subfield code="9">4e8aaa30-7bca-4948-adde-bb32d2379b2d</subfield>
    <subfield code="s">1327101</subfield>
    <subfield code="u">https://digitallibrary.un.org/record/1491572/files/A_53_779_Add.1-EN.pdf</subfield>
  </datafield>
  <datafield tag="856" ind1="4" ind2=" ">
    <subfield code="y">Español</subfield>
    <subfield code="9">d6ae1ea8-13d8-4604-b7b9-4709931991b5</subfield>
    <subfield code="s">1532868</subfield>
    <subfield code="u">https://digitallibrary.un.org/record/1491572/files/A_53_779_Add.1-ES.pdf</subfield>
  </datafield>
  <datafield tag="856" ind1="4" ind2=" ">
    <subfield code="y">Français</subfield>
    <subfield code="9">831b334b-e311-4e78-ad87-b019b7c6a0d5</subfield>
    <subfield code="s">1643507</subfield>
    <subfield code="u">https://digitallibrary.un.org/record/1491572/files/A_53_779_Add.1-FR.pdf</subfield>
  </datafield>
  <datafield tag="856" ind1="4" ind2=" ">
    <subfield code="y">Русский</subfield>
    <subfield code="9">a10f0bd0-1d62-4b1a-8380-7683b477dcb2</subfield>
    <subfield code="s">1612829</subfield>
    <subfield code="u">https://digitallibrary.un.org/record/1491572/files/A_53_779_Add.1-RU.pdf</subfield>
  </datafield>
  <datafield tag="856" ind1="4" ind2=" ">
    <subfield code="y">中文</subfield>
    <subfield code="9">e3a863cd-51b0-4435-8e0b-d7fbfd5a6862</subfield>
    <subfield code="s">1151667</subfield>
    <subfield code="u">https://digitallibrary.un.org/record/1491572/files/A_53_779_Add.1-ZH.pdf</subfield>
  </datafield>
  <datafield tag="930" ind1=" " ind2=" ">
    <subfield code="a">UNDMA99</subfield>
  </datafield>
  <datafield tag="930" ind1=" " ind2=" ">
    <subfield code="a">UDIQA99</subfield>
  </datafield>
  <datafield tag="930" ind1=" " ind2=" ">
    <subfield code="a">UPDQ499</subfield>
  </datafield>
  <datafield tag="980" ind1=" " ind2=" ">
    <subfield code="a">BIB</subfield>
  </datafield>
  <datafield tag="981" ind1=" " ind2=" ">
    <subfield code="a">General Assembly</subfield>
    <subfield code="b">General Assembly Plenary</subfield>
  </datafield>
  <datafield tag="989" ind1=" " ind2=" ">
    <subfield code="a">Documents and Publications</subfield>
    <subfield code="b">Reports</subfield>
    <subfield code="c">Secretary-General's Reports</subfield>
  </datafield>
  <datafield tag="989" ind1=" " ind2=" ">
    <subfield code="a">Documents and Publications</subfield>
    <subfield code="b">Reports</subfield>
  </datafield>
  <datafield tag="991" ind1="1" ind2=" ">
    <subfield code="a">A/53/251</subfield>
    <subfield code="b">122</subfield>
    <subfield code="c">Financing of the United Nations peacekeeping forces in the Middle East.</subfield>
    <subfield code="0">(DHLAUTH)486912</subfield>
  </datafield>
  <datafield tag="991" ind1="1" ind2=" ">
    <subfield code="a">A/53/251</subfield>
    <subfield code="b">122a</subfield>
    <subfield code="c">United Nations Disengagement Observer Force.</subfield>
    <subfield code="d">UN DISENGAGEMENT OBSERVER FORCE--FINANCING</subfield>
    <subfield code="z">I0135900</subfield>
    <subfield code="0">(DHLAUTH)486913</subfield>
  </datafield>
  <datafield tag="998" ind1=" " ind2=" ">
    <subfield code="a">19990312000000</subfield>
    <subfield code="b">adscs</subfield>
    <subfield code="c">20160728104800</subfield>
    <subfield code="d">shkcat</subfield>
    <subfield code="x">0x00010000b45432a4</subfield>
    <subfield code="z">20200217173843</subfield>
  </datafield>
  <datafield tag="999" ind1=" " ind2=" ">
    <subfield code="a">SF</subfield>
    <subfield code="b">19990322</subfield>
    <subfield code="c">R</subfield>
  </datafield>
  <datafield tag="999" ind1=" " ind2=" ">
    <subfield code="a">pg</subfield>
    <subfield code="b">19990312</subfield>
    <subfield code="c">r</subfield>
  </datafield>
  <datafield tag="999" ind1=" " ind2=" ">
    <subfield code="a">NS</subfield>
    <subfield code="b">19990312</subfield>
    <subfield code="c">c</subfield>
  </datafield>
  <datafield tag="999" ind1=" " ind2=" ">
    <subfield code="a">ADS</subfield>
    <subfield code="b">19990312</subfield>
    <subfield code="c">q</subfield>
  </datafield>
</record>