
<record>
  <controlfield tag="000">04021cam a2200925#a 4500</controlfield>
  <controlfield tag="001">435361</controlfield>
  <controlfield tag="005">20220725124959.0</controlfield>
  <controlfield tag="008">010320s2001    che     r           eng u</controlfield>
  <datafield tag="029" ind1=" " ind2=" ">
    <subfield code="a">JN</subfield>
    <subfield code="b">G0110444 E</subfield>
  </datafield>
  <datafield tag="035" ind1=" " ind2=" ">
    <subfield code="a">D641119X</subfield>
    <subfield code="z">D9549602</subfield>
  </datafield>
  <datafield tag="035" ind1=" " ind2=" ">
    <subfield code="a">(DHL)641119</subfield>
  </datafield>
  <datafield tag="039" ind1=" " ind2=" ">
    <subfield code="a">GUN</subfield>
  </datafield>
  <datafield tag="040" ind1=" " ind2=" ">
    <subfield code="a">SzGeBNU</subfield>
    <subfield code="b">eng</subfield>
  </datafield>
  <datafield tag="041" ind1=" " ind2=" ">
    <subfield code="a">arachiengfrerusspa</subfield>
  </datafield>
  <datafield tag="049" ind1=" " ind2=" ">
    <subfield code="a">che</subfield>
  </datafield>
  <datafield tag="069" ind1=" " ind2=" ">
    <subfield code="a">HUR</subfield>
    <subfield code="b">07040</subfield>
  </datafield>
  <datafield tag="069" ind1=" " ind2=" ">
    <subfield code="a">HUR</subfield>
    <subfield code="b">0906</subfield>
  </datafield>
  <datafield tag="089" ind1=" " ind2=" ">
    <subfield code="b">B16</subfield>
  </datafield>
  <datafield tag="091" ind1=" " ind2=" ">
    <subfield code="a">GEN</subfield>
  </datafield>
  <datafield tag="099" ind1=" " ind2=" ">
    <subfield code="a">UNG</subfield>
    <subfield code="b">GUN</subfield>
  </datafield>
  <datafield tag="191" ind1=" " ind2=" ">
    <subfield code="a">E/CN.4/2001/73</subfield>
    <subfield code="b">E/CN.4/</subfield>
    <subfield code="c">57</subfield>
    <subfield code="f">4.1386</subfield>
    <subfield code="q">ECN4200173</subfield>
    <subfield code="r">ECN457</subfield>
    <subfield code="0">(DHLAUTH)588625</subfield>
  </datafield>
  <datafield tag="245" ind1="0" ind2="0">
    <subfield code="a">Report of the Special Rapporteur on Violence against Women, Its Causes and Consequences, Radhika Coomaraswamy, in accordance with Commission on Human Rights resolution 2000/45</subfield>
  </datafield>
  <datafield tag="260" ind1=" " ind2=" ">
    <subfield code="a">Geneva :</subfield>
    <subfield code="b">UN,</subfield>
    <subfield code="c">23 Jan. 2001</subfield>
  </datafield>
  <datafield tag="269" ind1=" " ind2=" ">
    <subfield code="a">2001-01-23</subfield>
  </datafield>
  <datafield tag="300" ind1=" " ind2=" ">
    <subfield code="a">45 p.</subfield>
  </datafield>
  <datafield tag="500" ind1=" " ind2=" ">
    <subfield code="a">Includes bibliographical references (p. 34-45).</subfield>
  </datafield>
  <datafield tag="505" ind1="0" ind2=" ">
    <subfield code="a">Violence against women perpetrated and/or condoned by the State during times of armed conflict (1997-2000).</subfield>
  </datafield>
  <datafield tag="610" ind1="2" ind2="7">
    <subfield code="a">International Criminal Court</subfield>
    <subfield code="2">unbisn</subfield>
    <subfield code="0">(DHLAUTH)218615</subfield>
  </datafield>
  <datafield tag="610" ind1="2" ind2="7">
    <subfield code="a">International Tribunal for the Prosecution of Persons Responsible for Serious Violations of International Humanitarian Law Committed in the Territory of the Former Yugoslavia since 1991</subfield>
    <subfield code="2">unbisn</subfield>
    <subfield code="0">(DHLAUTH)218251</subfield>
  </datafield>
  <datafield tag="610" ind1="2" ind2="7">
    <subfield code="a">International Criminal Tribunal for Rwanda</subfield>
    <subfield code="2">unbisn</subfield>
    <subfield code="0">(DHLAUTH)426826</subfield>
  </datafield>
  <datafield tag="610" ind1="2" ind2="7">
    <subfield code="a">UN. Commission on Human Rights. Special Rapporteur on Violence against Women</subfield>
    <subfield code="g">Recommendations</subfield>
    <subfield code="2">unbisn</subfield>
    <subfield code="0">(DHLAUTH)691781</subfield>
  </datafield>
  <datafield tag="630" ind1="0" ind2="7">
    <subfield code="a">Rome Statute of the International Criminal Court (1998)</subfield>
    <subfield code="2">unbisn</subfield>
    <subfield code="0">(DHLAUTH)289212</subfield>
  </datafield>
  <datafield tag="650" ind1="1" ind2="7">
    <subfield code="a">GENDER-BASED VIOLENCE</subfield>
    <subfield code="2">unbist</subfield>
    <subfield code="0">(DHLAUTH)276684</subfield>
  </datafield>
  <datafield tag="650" ind1="1" ind2="7">
    <subfield code="a">WOMEN IN ARMED CONFLICTS</subfield>
    <subfield code="2">unbist</subfield>
    <subfield code="0">(DHLAUTH)652111</subfield>
  </datafield>
  <datafield tag="650" ind1="1" ind2="7">
    <subfield code="a">RAPE</subfield>
    <subfield code="2">unbist</subfield>
    <subfield code="0">(DHLAUTH)274502</subfield>
  </datafield>
  <datafield tag="650" ind1="1" ind2="7">
    <subfield code="a">SEX CRIMES</subfield>
    <subfield code="2">unbist</subfield>
    <subfield code="0">(DHLAUTH)273132</subfield>
  </datafield>
  <datafield tag="650" ind1="1" ind2="7">
    <subfield code="a">WAR CRIMES</subfield>
    <subfield code="2">unbist</subfield>
    <subfield code="0">(DHLAUTH)268794</subfield>
  </datafield>
  <datafield tag="650" ind1="1" ind2="7">
    <subfield code="a">CRIMES AGAINST HUMANITY</subfield>
    <subfield code="2">unbist</subfield>
    <subfield code="0">(DHLAUTH)269488</subfield>
  </datafield>
  <datafield tag="650" ind1="1" ind2="7">
    <subfield code="a">HUMAN RIGHTS VIOLATIONS</subfield>
    <subfield code="2">unbist</subfield>
    <subfield code="0">(DHLAUTH)274435</subfield>
  </datafield>
  <datafield tag="650" ind1="2" ind2="7">
    <subfield code="a">INTERNATIONAL CRIMINAL COURTS</subfield>
    <subfield code="2">unbist</subfield>
    <subfield code="0">(DHLAUTH)269245</subfield>
  </datafield>
  <datafield tag="650" ind1="2" ind2="7">
    <subfield code="a">FORMER YUGOSLAVIA SITUATION</subfield>
    <subfield code="2">unbist</subfield>
    <subfield code="0">(DHLAUTH)275601</subfield>
  </datafield>
  <datafield tag="650" ind1="2" ind2="7">
    <subfield code="a">RWANDA SITUATION</subfield>
    <subfield code="2">unbist</subfield>
    <subfield code="0">(DHLAUTH)275503</subfield>
  </datafield>
  <datafield tag="650" ind1="2" ind2="7">
    <subfield code="a">AFGHANISTAN</subfield>
    <subfield code="2">unbist</subfield>
    <subfield code="0">(DHLAUTH)269035</subfield>
  </datafield>
  <datafield tag="650" ind1="2" ind2="7">
    <subfield code="a">BURUNDI</subfield>
    <subfield code="2">unbist</subfield>
    <subfield code="0">(DHLAUTH)275469</subfield>
  </datafield>
  <datafield tag="650" ind1="2" ind2="7">
    <subfield code="a">COLOMBIA</subfield>
    <subfield code="2">unbist</subfield>
    <subfield code="0">(DHLAUTH)273304</subfield>
  </datafield>
  <datafield tag="650" ind1="2" ind2="7">
    <subfield code="a">DEMOCRATIC REPUBLIC OF THE CONGO</subfield>
    <subfield code="2">unbist</subfield>
    <subfield code="0">(DHLAUTH)450182</subfield>
  </datafield>
  <datafield tag="650" ind1="2" ind2="7">
    <subfield code="a">TIMOR-LESTE</subfield>
    <subfield code="2">unbist</subfield>
    <subfield code="0">(DHLAUTH)269044</subfield>
  </datafield>
  <datafield tag="650" ind1="2" ind2="7">
    <subfield code="a">KOSOVO (SERBIA)</subfield>
    <subfield code="2">unbist</subfield>
    <subfield code="0">(DHLAUTH)277188</subfield>
  </datafield>
  <datafield tag="650" ind1="2" ind2="7">
    <subfield code="a">YUGOSLAVIA</subfield>
    <subfield code="2">unbist</subfield>
    <subfield code="0">(DHLAUTH)273224</subfield>
  </datafield>
  <datafield tag="650" ind1="2" ind2="7">
    <subfield code="a">INDIA</subfield>
    <subfield code="2">unbist</subfield>
    <subfield code="0">(DHLAUTH)269052</subfield>
  </datafield>
  <datafield tag="650" ind1="2" ind2="7">
    <subfield code="a">TIMOR BARAT (INDONESIA)</subfield>
    <subfield code="2">unbist</subfield>
    <subfield code="0">(DHLAUTH)564669</subfield>
  </datafield>
  <datafield tag="650" ind1="2" ind2="7">
    <subfield code="a">INDONESIA</subfield>
    <subfield code="2">unbist</subfield>
    <subfield code="0">(DHLAUTH)273365</subfield>
  </datafield>
  <datafield tag="650" ind1="2" ind2="7">
    <subfield code="a">MYANMAR</subfield>
    <subfield code="2">unbist</subfield>
    <subfield code="0">(DHLAUTH)275564</subfield>
  </datafield>
  <datafield tag="650" ind1="2" ind2="7">
    <subfield code="a">CHECHNYA (RUSSIAN FEDERATION)</subfield>
    <subfield code="2">unbist</subfield>
    <subfield code="0">(DHLAUTH)276923</subfield>
  </datafield>
  <datafield tag="650" ind1="2" ind2="7">
    <subfield code="a">RUSSIAN FEDERATION</subfield>
    <subfield code="2">unbist</subfield>
    <subfield code="0">(DHLAUTH)275580</subfield>
  </datafield>
  <datafield tag="650" ind1="2" ind2="7">
    <subfield code="a">SIERRA LEONE</subfield>
    <subfield code="2">unbist</subfield>
    <subfield code="0">(DHLAUTH)273471</subfield>
  </datafield>
  <datafield tag="650" ind1="2" ind2="7">
    <subfield code="a">SRI LANKA</subfield>
    <subfield code="2">unbist</subfield>
    <subfield code="0">(DHLAUTH)273483</subfield>
  </datafield>
  <datafield tag="650" ind1="2" ind2="7">
    <subfield code="a">FORCED PROSTITUTION</subfield>
    <subfield code="2">unbist</subfield>
    <subfield code="0">(DHLAUTH)274464</subfield>
  </datafield>
  <datafield tag="650" ind1="2" ind2="7">
    <subfield code="a">COMPENSATION</subfield>
    <subfield code="2">unbist</subfield>
    <subfield code="0">(DHLAUTH)269213</subfield>
  </datafield>
  <datafield tag="650" ind1="2" ind2="7">
    <subfield code="a">JAPAN</subfield>
    <subfield code="2">unbist</subfield>
    <subfield code="0">(DHLAUTH)273379</subfield>
  </datafield>
  <datafield tag="650" ind1="2" ind2="7">
    <subfield code="a">PEACEKEEPING OPERATIONS</subfield>
    <subfield code="2">unbist</subfield>
    <subfield code="0">(DHLAUTH)474428</subfield>
  </datafield>
  <datafield tag="650" ind1="2" ind2="7">
    <subfield code="a">GIRLS</subfield>
    <subfield code="2">unbist</subfield>
    <subfield code="0">(DHLAUTH)272930</subfield>
  </datafield>
  <datafield tag="650" ind1="2" ind2="7">
    <subfield code="a">CHILDREN IN ARMED CONFLICTS</subfield>
    <subfield code="2">unbist</subfield>
    <subfield code="0">(DHLAUTH)276638</subfield>
  </datafield>
  <datafield tag="700" ind1="1" ind2=" ">
    <subfield code="a">Coomaraswamy, Radhika</subfield>
    <subfield code="0">(DHLAUTH)389290</subfield>
  </datafield>
  <datafield tag="710" ind1="2" ind2=" ">
    <subfield code="a">UN. Commission on Human Rights. Special Rapporteur on Violence against Women</subfield>
    <subfield code="0">(DHLAUTH)240121</subfield>
  </datafield>
  <datafield tag="830" ind1="0" ind2=" ">
    <subfield code="a">Report of the Special Procedure of the Commission on Human Rights</subfield>
    <subfield code="0">(DHLAUTH)887660</subfield>
  </datafield>
  <datafield tag="830" ind1="0" ind2=" ">
    <subfield code="a">Report of the Special Rapporteur on Violence against Women and Girls, its Causes and Consequences</subfield>
    <subfield code="0">(DHLAUTH)887806</subfield>
  </datafield>
  <datafield tag="856" ind1="4" ind2=" ">
    <subfield code="y">العربية</subfield>
    <subfield code="9">8ba99171-86e2-442c-9a49-f594d14d813f</subfield>
    <subfield code="s">605362</subfield>
    <subfield code="u">https://digitallibrary.un.org/record/435361/files/E_CN.4_2001_73-AR.pdf</subfield>
  </datafield>
  <datafield tag="856" ind1="4" ind2=" ">
    <subfield code="y">English</subfield>
    <subfield code="9">b79fefaa-f9e5-4429-b4b7-ac735dbd3862</subfield>
    <subfield code="s">173598</subfield>
    <subfield code="u">https://digitallibrary.un.org/record/435361/files/E_CN.4_2001_73-EN.pdf</subfield>
  </datafield>
  <datafield tag="856" ind1="4" ind2=" ">
    <subfield code="y">Español</subfield>
    <subfield code="9">37f37abf-3c1d-4f3d-87c5-48830f42d305</subfield>
    <subfield code="s">189509</subfield>
    <subfield code="u">https://digitallibrary.un.org/record/435361/files/E_CN.4_2001_73-ES.pdf</subfield>
  </datafield>
  <datafield tag="856" ind1="4" ind2=" ">
    <subfield code="y">Français</subfield>
    <subfield code="9">3a7fe396-7aac-4484-8881-751d634710e6</subfield>
    <subfield code="s">191078</subfield>
    <subfield code="u">https://digitallibrary.un.org/record/435361/files/E_CN.4_2001_73-FR.pdf</subfield>
  </datafield>
  <datafield tag="856" ind1="4" ind2=" ">
    <subfield code="y">Русский</subfield>
    <subfield code="9">ad73fa33-0377-42ac-aa51-e11c1448963f</subfield>
    <subfield code="s">472042</subfield>
    <subfield code="u">https://digitallibrary.un.org/record/435361/files/E_CN.4_2001_73-RU.pdf</subfield>
  </datafield>
  <datafield tag="856" ind1="4" ind2=" ">
    <subfield code="y">中文</subfield>
    <subfield code="9">1aad26c5-e3a6-45a7-937a-b7a61936fbcb</subfield>
    <subfield code="s">735504</subfield>
    <subfield code="u">https://digitallibrary.un.org/record/435361/files/E_CN.4_2001_73-ZH.pdf</subfield>
  </datafield>
  <datafield tag="930" ind1=" " ind2=" ">
    <subfield code="a">UNDMA01</subfield>
  </datafield>
  <datafield tag="930" ind1=" " ind2=" ">
    <subfield code="a">HURXXX01</subfield>
  </datafield>
  <datafield tag="930" ind1=" " ind2=" ">
    <subfield code="a">UDIQ400</subfield>
    <subfield code="b">4.1386</subfield>
  </datafield>
  <datafield tag="949" ind1=" " ind2=" ">
    <subfield code="9">E/CN.4/2001/73</subfield>
    <subfield code="b">958736.5.1</subfield>
    <subfield code="i">958736</subfield>
    <subfield code="k">unss</subfield>
    <subfield code="c">c. 1</subfield>
    <subfield code="l">DHL</subfield>
    <subfield code="z">t</subfield>
    <subfield code="m">14day</subfield>
    <subfield code="d">20010523000000</subfield>
  </datafield>
  <datafield tag="949" ind1=" " ind2=" ">
    <subfield code="9">E/CN.4/2001/73</subfield>
    <subfield code="b">641119g</subfield>
    <subfield code="i">937558</subfield>
    <subfield code="k">gun</subfield>
    <subfield code="l">UNOG</subfield>
    <subfield code="z">t</subfield>
    <subfield code="m">unog</subfield>
    <subfield code="d">20010320000000</subfield>
  </datafield>
  <datafield tag="949" ind1=" " ind2=" ">
    <subfield code="9">E/CN.4/2001/73</subfield>
    <subfield code="b">951003.3.1</subfield>
    <subfield code="i">951003</subfield>
    <subfield code="k">unrs</subfield>
    <subfield code="c">c. 1</subfield>
    <subfield code="l">DHL</subfield>
    <subfield code="z">t</subfield>
    <subfield code="m">14day</subfield>
    <subfield code="d">20010502000000</subfield>
  </datafield>
  <datafield tag="949" ind1=" " ind2=" ">
    <subfield code="9">E/CN.4/2001/73</subfield>
    <subfield code="b">6411191</subfield>
    <subfield code="i">947161</subfield>
    <subfield code="k">unes</subfield>
    <subfield code="c">c. 1</subfield>
    <subfield code="l">DHL</subfield>
    <subfield code="z">t</subfield>
    <subfield code="m">14day</subfield>
    <subfield code="d">20010423000000</subfield>
  </datafield>
  <datafield tag="949" ind1=" " ind2=" ">
    <subfield code="9">E/CN.4/2001/73</subfield>
    <subfield code="b">947162.2.1</subfield>
    <subfield code="i">947162</subfield>
    <subfield code="k">unfs</subfield>
    <subfield code="c">c. 1</subfield>
    <subfield code="l">DHL</subfield>
    <subfield code="z">t</subfield>
    <subfield code="m">14day</subfield>
    <subfield code="d">20010423000000</subfield>
  </datafield>
  <datafield tag="949" ind1=" " ind2=" ">
    <subfield code="9">E/CN.4/2001/73</subfield>
    <subfield code="b">951075.1.1</subfield>
    <subfield code="i">951075</subfield>
    <subfield code="k">unas</subfield>
    <subfield code="c">c. 1</subfield>
    <subfield code="l">DHL</subfield>
    <subfield code="z">t</subfield>
    <subfield code="m">14day</subfield>
    <subfield code="d">20010502000000</subfield>
  </datafield>
  <datafield tag="980" ind1=" " ind2=" ">
    <subfield code="a">BIB</subfield>
  </datafield>
  <datafield tag="981" ind1=" " ind2=" ">
    <subfield code="a">Economic and Social Council</subfield>
  </datafield>
  <datafield tag="981" ind1=" " ind2=" ">
    <subfield code="a">Human Rights Bodies</subfield>
    <subfield code="b">Charter-Based Human Rights Bodies</subfield>
    <subfield code="c">Commission on Human Rights</subfield>
  </datafield>
  <datafield tag="989" ind1=" " ind2=" ">
    <subfield code="a">Documents and Publications</subfield>
    <subfield code="b">Reports</subfield>
  </datafield>
  <datafield tag="991" ind1=" " ind2=" ">
    <subfield code="a">E/CN.4/2001/1</subfield>
    <subfield code="b">12</subfield>
    <subfield code="c">Integration of the human rights of women and the gender perspective.</subfield>
    <subfield code="0">(DHLAUTH)595561</subfield>
  </datafield>
  <datafield tag="991" ind1=" " ind2=" ">
    <subfield code="a">E/CN.4/2001/1</subfield>
    <subfield code="b">12a</subfield>
    <subfield code="c">Violence against women.</subfield>
    <subfield code="0">(DHLAUTH)595562</subfield>
  </datafield>
  <datafield tag="998" ind1=" " ind2=" ">
    <subfield code="a">20010320000000</subfield>
    <subfield code="b">unogcat</subfield>
    <subfield code="c">20220725124000</subfield>
    <subfield code="d">sh35cat</subfield>
    <subfield code="x">0x00010000c786df46</subfield>
    <subfield code="z">20220725164359</subfield>
  </datafield>
  <datafield tag="999" ind1=" " ind2=" ">
    <subfield code="a">shku20170928</subfield>
    <subfield code="b">20170928</subfield>
    <subfield code="c">u</subfield>
  </datafield>
  <datafield tag="999" ind1=" " ind2=" ">
    <subfield code="a">mpu20040301</subfield>
    <subfield code="b">20040301</subfield>
    <subfield code="c">u</subfield>
  </datafield>
  <datafield tag="999" ind1=" " ind2=" ">
    <subfield code="a">ksbi20010523</subfield>
    <subfield code="b">20010523</subfield>
    <subfield code="c">i</subfield>
  </datafield>
  <datafield tag="999" ind1=" " ind2=" ">
    <subfield code="a">dgi20010502</subfield>
    <subfield code="b">20010502</subfield>
    <subfield code="c">i</subfield>
  </datafield>
  <datafield tag="999" ind1=" " ind2=" ">
    <subfield code="a">ksbi20010502</subfield>
    <subfield code="b">20010502</subfield>
    <subfield code="c">i</subfield>
  </datafield>
  <datafield tag="999" ind1=" " ind2=" ">
    <subfield code="a">dgi20010424</subfield>
    <subfield code="b">20010424</subfield>
    <subfield code="c">i</subfield>
  </datafield>
  <datafield tag="999" ind1=" " ind2=" ">
    <subfield code="a">ksbi20010423</subfield>
    <subfield code="b">20010423</subfield>
    <subfield code="c">i</subfield>
  </datafield>
  <datafield tag="999" ind1=" " ind2=" ">
    <subfield code="a">mpc20010320</subfield>
    <subfield code="b">20010320</subfield>
    <subfield code="c">c</subfield>
  </datafield>
  <datafield tag="999" ind1=" " ind2=" ">
    <subfield code="a">mpu20050729</subfield>
    <subfield code="b">20050729</subfield>
    <subfield code="c">u</subfield>
  </datafield>
</record>