
<record>
  <controlfield tag="000">02437cam a2200637#a 4500</controlfield>
  <controlfield tag="001">459078</controlfield>
  <controlfield tag="005">20210712191955.0</controlfield>
  <controlfield tag="008">020304c2002    usa     r     00010 eng d</controlfield>
  <datafield tag="029" ind1=" " ind2=" ">
    <subfield code="a">JN</subfield>
    <subfield code="b">N0221975 E</subfield>
  </datafield>
  <datafield tag="035" ind1=" " ind2=" ">
    <subfield code="a">D669203X</subfield>
    <subfield code="z">D0273052</subfield>
  </datafield>
  <datafield tag="035" ind1=" " ind2=" ">
    <subfield code="a">(DHL)669203</subfield>
  </datafield>
  <datafield tag="039" ind1=" " ind2=" ">
    <subfield code="a">DHU</subfield>
  </datafield>
  <datafield tag="040" ind1=" " ind2=" ">
    <subfield code="a">NNUN</subfield>
    <subfield code="b">eng</subfield>
  </datafield>
  <datafield tag="041" ind1="0" ind2=" ">
    <subfield code="a">arachiengfrerusspa</subfield>
  </datafield>
  <datafield tag="049" ind1=" " ind2=" ">
    <subfield code="a">USA</subfield>
  </datafield>
  <datafield tag="089" ind1=" " ind2=" ">
    <subfield code="b">B15</subfield>
  </datafield>
  <datafield tag="089" ind1=" " ind2=" ">
    <subfield code="b">B16</subfield>
  </datafield>
  <datafield tag="091" ind1=" " ind2=" ">
    <subfield code="a">GEN</subfield>
  </datafield>
  <datafield tag="099" ind1=" " ind2=" ">
    <subfield code="a">UNH</subfield>
    <subfield code="b">DHU</subfield>
  </datafield>
  <datafield tag="191" ind1=" " ind2=" ">
    <subfield code="a">E/CN.6/2002/2</subfield>
    <subfield code="b">E/CN.6/</subfield>
    <subfield code="c">46</subfield>
    <subfield code="f">4.1822</subfield>
    <subfield code="q">ECN620022</subfield>
    <subfield code="r">ECN646</subfield>
    <subfield code="0">(DHLAUTH)617290</subfield>
  </datafield>
  <datafield tag="245" ind1="1" ind2="0">
    <subfield code="a">Measures taken and progress achieved in the follow-up to and implementation of the Fourth World Conference on Women and the special session of the General Assembly entitled "Women 2000 :#gender equality, development and peace for the 21st century", especially in mainstreaming a gender perspective in entities of the United Nations system :</subfield>
    <subfield code="b">report of the Secretary-General</subfield>
  </datafield>
  <datafield tag="260" ind1=" " ind2=" ">
    <subfield code="a">[New York] :</subfield>
    <subfield code="b">UN,</subfield>
    <subfield code="c">14 Jan. 2002</subfield>
  </datafield>
  <datafield tag="269" ind1=" " ind2=" ">
    <subfield code="a">2002-01-14</subfield>
  </datafield>
  <datafield tag="300" ind1=" " ind2=" ">
    <subfield code="a">21 p.</subfield>
  </datafield>
  <datafield tag="610" ind1="2" ind2="7">
    <subfield code="a">UN System</subfield>
    <subfield code="2">unbisn</subfield>
    <subfield code="0">(DHLAUTH)13838</subfield>
  </datafield>
  <datafield tag="610" ind1="2" ind2="7">
    <subfield code="a">UN. General Assembly (23rd special sess. : 2000)</subfield>
    <subfield code="2">unbisn</subfield>
    <subfield code="0">(DHLAUTH)527685</subfield>
  </datafield>
  <datafield tag="611" ind1="2" ind2="7">
    <subfield code="a">World Conference on Women : Action for Equality, Development and Peace (1995 : Beijing)</subfield>
    <subfield code="2">unbisn</subfield>
    <subfield code="0">(DHLAUTH)161088</subfield>
  </datafield>
  <datafield tag="650" ind1="1" ind2="7">
    <subfield code="a">WOMEN'S ADVANCEMENT</subfield>
    <subfield code="0">(DHLAUTH)273158</subfield>
  </datafield>
  <datafield tag="650" ind1="1" ind2="7">
    <subfield code="a">GENDER MAINSTREAMING</subfield>
    <subfield code="2">unbist</subfield>
    <subfield code="0">(DHLAUTH)493524</subfield>
  </datafield>
  <datafield tag="650" ind1="1" ind2="7">
    <subfield code="a">GENDER EQUALITY</subfield>
    <subfield code="2">unbist</subfield>
    <subfield code="0">(DHLAUTH)441178</subfield>
  </datafield>
  <datafield tag="650" ind1="1" ind2="7">
    <subfield code="a">CAPACITY BUILDING</subfield>
    <subfield code="2">unbist</subfield>
    <subfield code="0">(DHLAUTH)276636</subfield>
  </datafield>
  <datafield tag="650" ind1="1" ind2="7">
    <subfield code="a">COORDINATION WITHIN UN SYSTEM</subfield>
    <subfield code="2">unbist</subfield>
    <subfield code="0">(DHLAUTH)268575</subfield>
  </datafield>
  <datafield tag="650" ind1="2" ind2="7">
    <subfield code="a">PEACEKEEPING OPERATIONS</subfield>
    <subfield code="2">unbist</subfield>
    <subfield code="0">(DHLAUTH)474428</subfield>
  </datafield>
  <datafield tag="650" ind1="2" ind2="7">
    <subfield code="a">STAFFING</subfield>
    <subfield code="2">unbist</subfield>
    <subfield code="0">(DHLAUTH)272050</subfield>
  </datafield>
  <datafield tag="650" ind1="2" ind2="7">
    <subfield code="a">FIELD STAFF</subfield>
    <subfield code="2">unbist</subfield>
    <subfield code="0">(DHLAUTH)268633</subfield>
  </datafield>
  <datafield tag="650" ind1="2" ind2="7">
    <subfield code="a">WOMEN MANAGERS</subfield>
    <subfield code="2">unbist</subfield>
    <subfield code="0">(DHLAUTH)272023</subfield>
  </datafield>
  <datafield tag="650" ind1="2" ind2="7">
    <subfield code="a">POLITICAL PARTICIPATION</subfield>
    <subfield code="2">unbist</subfield>
    <subfield code="0">(DHLAUTH)268475</subfield>
  </datafield>
  <datafield tag="650" ind1="2" ind2="7">
    <subfield code="a">DECISION-MAKING</subfield>
    <subfield code="0">(DHLAUTH)270223</subfield>
  </datafield>
  <datafield tag="650" ind1="2" ind2="7">
    <subfield code="a">BUSINESSWOMEN</subfield>
    <subfield code="0">(DHLAUTH)596263</subfield>
  </datafield>
  <datafield tag="650" ind1="2" ind2="7">
    <subfield code="a">GIRLS</subfield>
    <subfield code="2">unbist</subfield>
    <subfield code="0">(DHLAUTH)272930</subfield>
  </datafield>
  <datafield tag="650" ind1="2" ind2="7">
    <subfield code="a">RIGHTS OF THE CHILD</subfield>
    <subfield code="2">unbist</subfield>
    <subfield code="0">(DHLAUTH)272975</subfield>
  </datafield>
  <datafield tag="650" ind1="2" ind2="7">
    <subfield code="a">WOMEN'S RIGHTS</subfield>
    <subfield code="2">unbist</subfield>
    <subfield code="0">(DHLAUTH)273161</subfield>
  </datafield>
  <datafield tag="650" ind1="2" ind2="7">
    <subfield code="a">WOMEN'S EMPLOYMENT</subfield>
    <subfield code="2">unbist</subfield>
    <subfield code="0">(DHLAUTH)273159</subfield>
  </datafield>
  <datafield tag="650" ind1="2" ind2="7">
    <subfield code="a">WOMEN'S HEALTH</subfield>
    <subfield code="2">unbist</subfield>
    <subfield code="0">(DHLAUTH)276723</subfield>
  </datafield>
  <datafield tag="650" ind1="2" ind2="7">
    <subfield code="a">WOMEN'S EDUCATION</subfield>
    <subfield code="2">unbist</subfield>
    <subfield code="0">(DHLAUTH)463028</subfield>
  </datafield>
  <datafield tag="650" ind1="2" ind2="7">
    <subfield code="a">TRAINING PROGRAMMES</subfield>
    <subfield code="2">unbist</subfield>
    <subfield code="0">(DHLAUTH)274026</subfield>
  </datafield>
  <datafield tag="650" ind1="2" ind2="7">
    <subfield code="a">INFORMATION EXCHANGE</subfield>
    <subfield code="2">unbist</subfield>
    <subfield code="0">(DHLAUTH)275144</subfield>
  </datafield>
  <datafield tag="650" ind1="2" ind2="7">
    <subfield code="a">INTER-AGENCY COOPERATION</subfield>
    <subfield code="2">unbist</subfield>
    <subfield code="0">(DHLAUTH)268578</subfield>
  </datafield>
  <datafield tag="650" ind1="2" ind2="7">
    <subfield code="a">NON-GOVERNMENTAL ORGANIZATIONS</subfield>
    <subfield code="2">unbist</subfield>
    <subfield code="0">(DHLAUTH)268665</subfield>
  </datafield>
  <datafield tag="650" ind1="2" ind2="7">
    <subfield code="a">RECOMMENDATIONS</subfield>
    <subfield code="2">unbist</subfield>
    <subfield code="0">(DHLAUTH)275840</subfield>
  </datafield>
  <datafield tag="710" ind1="2" ind2="0">
    <subfield code="a">UN. Secretary-General</subfield>
    <subfield code="0">(DHLAUTH)10663</subfield>
  </datafield>
  <datafield tag="856" ind1="4" ind2=" ">
    <subfield code="y">العربية</subfield>
    <subfield code="9">558daf26-44ba-48ba-8da3-cb84a255c4d7</subfield>
    <subfield code="s">336993</subfield>
    <subfield code="u">https://digitallibrary.un.org/record/459078/files/E_CN.6_2002_2-AR.pdf</subfield>
  </datafield>
  <datafield tag="856" ind1="4" ind2=" ">
    <subfield code="y">English</subfield>
    <subfield code="9">bcd87e09-da6f-4d0c-81a0-5dd603ef5aa7</subfield>
    <subfield code="s">237572</subfield>
    <subfield code="u">https://digitallibrary.un.org/record/459078/files/E_CN.6_2002_2-EN.pdf</subfield>
  </datafield>
  <datafield tag="856" ind1="4" ind2=" ">
    <subfield code="y">Español</subfield>
    <subfield code="9">a73e9d5d-fdec-4dbf-9e79-84ddab3d9f3d</subfield>
    <subfield code="s">263326</subfield>
    <subfield code="u">https://digitallibrary.un.org/record/459078/files/E_CN.6_2002_2-ES.pdf</subfield>
  </datafield>
  <datafield tag="856" ind1="4" ind2=" ">
    <subfield code="y">Français</subfield>
    <subfield code="9">4c80c4a0-fd26-45e4-9ece-888cad0787b4</subfield>
    <subfield code="s">238223</subfield>
    <subfield code="u">https://digitallibrary.un.org/record/459078/files/E_CN.6_2002_2-FR.pdf</subfield>
  </datafield>
  <datafield tag="856" ind1="4" ind2=" ">
    <subfield code="y">Русский</subfield>
    <subfield code="9">e1c91d6c-eccf-4912-b08d-36efca48573a</subfield>
    <subfield code="s">538236</subfield>
    <subfield code="u">https://digitallibrary.un.org/record/459078/files/E_CN.6_2002_2-RU.pdf</subfield>
  </datafield>
  <datafield tag="856" ind1="4" ind2=" ">
    <subfield code="y">中文</subfield>
    <subfield code="9">cab48643-7943-4012-b718-bf55fcc45b20</subfield>
    <subfield code="s">463710</subfield>
    <subfield code="u">https://digitallibrary.un.org/record/459078/files/E_CN.6_2002_2-ZH.pdf</subfield>
  </datafield>
  <datafield tag="930" ind1=" " ind2=" ">
    <subfield code="a">UNDMA02</subfield>
  </datafield>
  <datafield tag="930" ind1=" " ind2=" ">
    <subfield code="a">UDIQ401</subfield>
    <subfield code="b">4.1822</subfield>
  </datafield>
  <datafield tag="949" ind1=" " ind2=" ">
    <subfield code="9">E/CN.6/2002/2</subfield>
    <subfield code="b">1021880.5.1</subfield>
    <subfield code="i">1021880</subfield>
    <subfield code="k">uncs</subfield>
    <subfield code="c">c. 1</subfield>
    <subfield code="l">DHL</subfield>
    <subfield code="z">t</subfield>
    <subfield code="m">14day</subfield>
    <subfield code="d">20020304000000</subfield>
  </datafield>
  <datafield tag="949" ind1=" " ind2=" ">
    <subfield code="9">E/CN.6/2002/2</subfield>
    <subfield code="b">1021879.4.1</subfield>
    <subfield code="i">1021879</subfield>
    <subfield code="k">unas</subfield>
    <subfield code="c">c. 1</subfield>
    <subfield code="l">DHL</subfield>
    <subfield code="z">t</subfield>
    <subfield code="m">14day</subfield>
    <subfield code="d">20020304000000</subfield>
  </datafield>
  <datafield tag="949" ind1=" " ind2=" ">
    <subfield code="9">E/CN.6/2002/2</subfield>
    <subfield code="b">1021876.1.1</subfield>
    <subfield code="i">1021876</subfield>
    <subfield code="k">unfs</subfield>
    <subfield code="c">c. 1</subfield>
    <subfield code="l">DHL</subfield>
    <subfield code="z">t</subfield>
    <subfield code="m">14day</subfield>
    <subfield code="d">20020304000000</subfield>
  </datafield>
  <datafield tag="949" ind1=" " ind2=" ">
    <subfield code="9">E/CN.6/2002/2</subfield>
    <subfield code="b">1021877.2.1</subfield>
    <subfield code="i">1021877</subfield>
    <subfield code="k">unss</subfield>
    <subfield code="c">c. 1</subfield>
    <subfield code="l">DHL</subfield>
    <subfield code="z">t</subfield>
    <subfield code="m">14day</subfield>
    <subfield code="d">20020304000000</subfield>
  </datafield>
  <datafield tag="949" ind1=" " ind2=" ">
    <subfield code="9">E/CN.6/2002/2</subfield>
    <subfield code="b">1021878.3.1</subfield>
    <subfield code="i">1021878</subfield>
    <subfield code="k">unrs</subfield>
    <subfield code="c">c. 1</subfield>
    <subfield code="l">DHL</subfield>
    <subfield code="z">t</subfield>
    <subfield code="m">14day</subfield>
    <subfield code="d">20020304000000</subfield>
  </datafield>
  <datafield tag="949" ind1=" " ind2=" ">
    <subfield code="9">E/CN.6/2002/2</subfield>
    <subfield code="b">6692031</subfield>
    <subfield code="i">1021875</subfield>
    <subfield code="k">unes</subfield>
    <subfield code="c">c. 1</subfield>
    <subfield code="l">DHL</subfield>
    <subfield code="z">t</subfield>
    <subfield code="m">14day</subfield>
    <subfield code="d">20020304000000</subfield>
  </datafield>
  <datafield tag="980" ind1=" " ind2=" ">
    <subfield code="a">BIB</subfield>
  </datafield>
  <datafield tag="981" ind1=" " ind2=" ">
    <subfield code="a">Economic and Social Council</subfield>
  </datafield>
  <datafield tag="989" ind1=" " ind2=" ">
    <subfield code="a">Documents and Publications</subfield>
    <subfield code="b">Reports</subfield>
    <subfield code="c">Secretary-General's Reports</subfield>
  </datafield>
  <datafield tag="991" ind1=" " ind2=" ">
    <subfield code="a">E/CN.6/2002/1</subfield>
    <subfield code="b">3a</subfield>
    <subfield code="c">Review of gender mainstreaming in entities of the United Nations System.</subfield>
    <subfield code="0">(DHLAUTH)618079</subfield>
  </datafield>
  <datafield tag="998" ind1=" " ind2=" ">
    <subfield code="a">20020304000000</subfield>
    <subfield code="b">nmcs</subfield>
    <subfield code="c">20210712081600</subfield>
    <subfield code="d">sh35cat</subfield>
    <subfield code="x">0x00010000c3cabe76</subfield>
    <subfield code="z">20210712122310</subfield>
  </datafield>
  <datafield tag="999" ind1=" " ind2=" ">
    <subfield code="a">nvc20020308</subfield>
    <subfield code="b">20020308</subfield>
    <subfield code="c">c</subfield>
  </datafield>
  <datafield tag="999" ind1=" " ind2=" ">
    <subfield code="a">nvd20020307</subfield>
    <subfield code="b">20020307</subfield>
    <subfield code="c">d</subfield>
  </datafield>
  <datafield tag="999" ind1=" " ind2=" ">
    <subfield code="a">tim20020307</subfield>
    <subfield code="b">20020307</subfield>
    <subfield code="c">m</subfield>
  </datafield>
  <datafield tag="999" ind1=" " ind2=" ">
    <subfield code="a">lcp20020305</subfield>
    <subfield code="b">20020305</subfield>
    <subfield code="c">p</subfield>
  </datafield>
  <datafield tag="999" ind1=" " ind2=" ">
    <subfield code="a">nmq20020304</subfield>
    <subfield code="b">20020304</subfield>
    <subfield code="c">q</subfield>
  </datafield>
  <datafield tag="999" ind1=" " ind2=" ">
    <subfield code="a">TAr20020311</subfield>
    <subfield code="b">20020311</subfield>
    <subfield code="c">r</subfield>
  </datafield>
</record>