
<record>
  <controlfield tag="000">00433nam a2200205#a 4500</controlfield>
  <controlfield tag="001">556968</controlfield>
  <controlfield tag="005">20210716085018.0</controlfield>
  <controlfield tag="008">050923s2005    usa    #r     00010 eng d</controlfield>
  <datafield tag="029" ind1=" " ind2=" ">
    <subfield code="a">JN</subfield>
    <subfield code="b">N0550971 E</subfield>
  </datafield>
  <datafield tag="035" ind1=" " ind2=" ">
    <subfield code="a">D785007X</subfield>
    <subfield code="z">D0323428</subfield>
  </datafield>
  <datafield tag="035" ind1=" " ind2=" ">
    <subfield code="a">(DHL)785007</subfield>
  </datafield>
  <datafield tag="039" ind1=" " ind2=" ">
    <subfield code="a">DHU</subfield>
  </datafield>
  <datafield tag="040" ind1=" " ind2=" ">
    <subfield code="a">NNUN</subfield>
    <subfield code="b">eng</subfield>
  </datafield>
  <datafield tag="041" ind1="0" ind2=" ">
    <subfield code="a">arachiengfrerusspa</subfield>
  </datafield>
  <datafield tag="049" ind1=" " ind2=" ">
    <subfield code="a">usa</subfield>
  </datafield>
  <datafield tag="089" ind1=" " ind2=" ">
    <subfield code="b">B15</subfield>
  </datafield>
  <datafield tag="089" ind1=" " ind2=" ">
    <subfield code="b">B11</subfield>
  </datafield>
  <datafield tag="089" ind1=" " ind2=" ">
    <subfield code="b">B16</subfield>
  </datafield>
  <datafield tag="091" ind1=" " ind2=" ">
    <subfield code="a">GEN</subfield>
  </datafield>
  <datafield tag="099" ind1=" " ind2=" ">
    <subfield code="a">UNH</subfield>
    <subfield code="b">DHU</subfield>
  </datafield>
  <datafield tag="191" ind1=" " ind2=" ">
    <subfield code="a">S/2005/596</subfield>
    <subfield code="b">S/</subfield>
    <subfield code="c">60</subfield>
    <subfield code="9">X00</subfield>
    <subfield code="f">2.2577</subfield>
    <subfield code="q">S2005596</subfield>
    <subfield code="r">S60</subfield>
    <subfield code="0">(DHLAUTH)679838</subfield>
  </datafield>
  <datafield tag="245" ind1="1" ind2="0">
    <subfield code="a">Twenty-sixth report of the Secretary-General on the United Nations Mission in Sierra Leone</subfield>
  </datafield>
  <datafield tag="246" ind1="3" ind2="3">
    <subfield code="a">26th report of the Secretary-General on the United Nations Mission in Sierra Leone</subfield>
  </datafield>
  <datafield tag="260" ind1=" " ind2=" ">
    <subfield code="a">[New York] :</subfield>
    <subfield code="b">UN,</subfield>
    <subfield code="c">20 Sept. 2005</subfield>
  </datafield>
  <datafield tag="269" ind1=" " ind2=" ">
    <subfield code="a">2005-09-20</subfield>
  </datafield>
  <datafield tag="300" ind1=" " ind2=" ">
    <subfield code="a">10 p. :</subfield>
    <subfield code="b">map</subfield>
  </datafield>
  <datafield tag="500" ind1=" " ind2=" ">
    <subfield code="a">Submitted pursuant to Security Council resolution 1610 (2005) of 30 June 2005.</subfield>
  </datafield>
  <datafield tag="500" ind1=" " ind2=" ">
    <subfield code="a">Includes#UN map no. 4132 rev.32: UNAMSIL Deployment as of 6 September 2005#(Sep. 2005).</subfield>
  </datafield>
  <datafield tag="610" ind1="2" ind2="4">
    <subfield code="a">UN Mission in Sierra Leone</subfield>
    <subfield code="0">(DHLAUTH)554615</subfield>
  </datafield>
  <datafield tag="650" ind1="1" ind2="7">
    <subfield code="a">PEACEKEEPING OPERATIONS</subfield>
    <subfield code="2">unbist</subfield>
    <subfield code="0">(DHLAUTH)474428</subfield>
  </datafield>
  <datafield tag="650" ind1="1" ind2="7">
    <subfield code="2">unbist</subfield>
    <subfield code="a">MAPS</subfield>
    <subfield code="0">(DHLAUTH)9705</subfield>
  </datafield>
  <datafield tag="650" ind1="1" ind2="7">
    <subfield code="a">SPECIAL MISSIONS</subfield>
    <subfield code="2">unbist</subfield>
    <subfield code="0">(DHLAUTH)268296</subfield>
  </datafield>
  <datafield tag="650" ind1="1" ind2="7">
    <subfield code="a">INTERNAL SECURITY</subfield>
    <subfield code="2">unbist</subfield>
    <subfield code="0">(DHLAUTH)268398</subfield>
  </datafield>
  <datafield tag="650" ind1="1" ind2="7">
    <subfield code="a">POST-CONFLICT RECONSTRUCTION</subfield>
    <subfield code="2">unbist</subfield>
    <subfield code="0">(DHLAUTH)534888</subfield>
  </datafield>
  <datafield tag="650" ind1="1" ind2="7">
    <subfield code="a">SIERRA LEONE</subfield>
    <subfield code="2">unbist</subfield>
    <subfield code="0">(DHLAUTH)273471</subfield>
  </datafield>
  <datafield tag="650" ind1="2" ind2="7">
    <subfield code="a">PEACEBUILDING</subfield>
    <subfield code="2">unbist</subfield>
    <subfield code="0">(DHLAUTH)268714</subfield>
  </datafield>
  <datafield tag="650" ind1="2" ind2="7">
    <subfield code="a">HUMANITARIAN ASSISTANCE</subfield>
    <subfield code="2">unbist</subfield>
    <subfield code="0">(DHLAUTH)268768</subfield>
  </datafield>
  <datafield tag="650" ind1="2" ind2="7">
    <subfield code="a">HUMAN RIGHTS</subfield>
    <subfield code="2">unbist</subfield>
    <subfield code="0">(DHLAUTH)274431</subfield>
  </datafield>
  <datafield tag="650" ind1="2" ind2="7">
    <subfield code="a">ECONOMIC GROWTH</subfield>
    <subfield code="2">unbist</subfield>
    <subfield code="0">(DHLAUTH)269754</subfield>
  </datafield>
  <datafield tag="650" ind1="2" ind2="7">
    <subfield code="a">CAPACITY BUILDING</subfield>
    <subfield code="2">unbist</subfield>
    <subfield code="0">(DHLAUTH)276636</subfield>
  </datafield>
  <datafield tag="650" ind1="2" ind2="7">
    <subfield code="a">WOMEN'S RIGHTS</subfield>
    <subfield code="2">unbist</subfield>
    <subfield code="0">(DHLAUTH)273161</subfield>
  </datafield>
  <datafield tag="650" ind1="2" ind2="7">
    <subfield code="a">HIV/AIDS</subfield>
    <subfield code="2">unbist</subfield>
    <subfield code="0">(DHLAUTH)273866</subfield>
  </datafield>
  <datafield tag="650" ind1="2" ind2="7">
    <subfield code="a">CODES OF CONDUCT</subfield>
    <subfield code="2">unbist</subfield>
    <subfield code="0">(DHLAUTH)275793</subfield>
  </datafield>
  <datafield tag="710" ind1="2" ind2=" ">
    <subfield code="a">UN. Secretary-General</subfield>
    <subfield code="0">(DHLAUTH)10663</subfield>
  </datafield>
  <datafield tag="856" ind1="4" ind2=" ">
    <subfield code="y">العربية</subfield>
    <subfield code="9">7ed44bb4-54a9-4833-b425-eba12597e0ee</subfield>
    <subfield code="s">670584</subfield>
    <subfield code="u">https://digitallibrary.un.org/record/556968/files/S_2005_596-AR.pdf</subfield>
  </datafield>
  <datafield tag="856" ind1="4" ind2=" ">
    <subfield code="y">English</subfield>
    <subfield code="9">6ec09a77-9079-4973-8091-7cf8ebb45dee</subfield>
    <subfield code="s">537013</subfield>
    <subfield code="u">https://digitallibrary.un.org/record/556968/files/S_2005_596-EN.pdf</subfield>
  </datafield>
  <datafield tag="856" ind1="4" ind2=" ">
    <subfield code="y">Español</subfield>
    <subfield code="9">d6b7339b-bfa6-4c51-9660-307a6049bdf3</subfield>
    <subfield code="s">643894</subfield>
    <subfield code="u">https://digitallibrary.un.org/record/556968/files/S_2005_596-ES.pdf</subfield>
  </datafield>
  <datafield tag="856" ind1="4" ind2=" ">
    <subfield code="y">Français</subfield>
    <subfield code="9">c759e0d0-57c3-46e6-ab0f-d555bb795d70</subfield>
    <subfield code="s">554027</subfield>
    <subfield code="u">https://digitallibrary.un.org/record/556968/files/S_2005_596-FR.pdf</subfield>
  </datafield>
  <datafield tag="856" ind1="4" ind2=" ">
    <subfield code="y">Русский</subfield>
    <subfield code="9">4fea4ffa-5c89-4e91-8fb3-8a8e215d64b8</subfield>
    <subfield code="s">703146</subfield>
    <subfield code="u">https://digitallibrary.un.org/record/556968/files/S_2005_596-RU.pdf</subfield>
  </datafield>
  <datafield tag="856" ind1="4" ind2=" ">
    <subfield code="y">中文</subfield>
    <subfield code="9">b4500b6e-ebcb-40f2-8491-cf607947d821</subfield>
    <subfield code="s">735581</subfield>
    <subfield code="u">https://digitallibrary.un.org/record/556968/files/S_2005_596-ZH.pdf</subfield>
  </datafield>
  <datafield tag="930" ind1=" " ind2=" ">
    <subfield code="a">UNDSE05</subfield>
  </datafield>
  <datafield tag="930" ind1=" " ind2=" ">
    <subfield code="a">UDIQ205</subfield>
    <subfield code="b">2.2577</subfield>
  </datafield>
  <datafield tag="949" ind1=" " ind2=" ">
    <subfield code="9">S/2005/596</subfield>
    <subfield code="b">1325506.5.1</subfield>
    <subfield code="i">1325506</subfield>
    <subfield code="k">unss</subfield>
    <subfield code="c">c. 1</subfield>
    <subfield code="l">DHL</subfield>
    <subfield code="z">t</subfield>
    <subfield code="m">14day</subfield>
    <subfield code="d">20050923000000</subfield>
  </datafield>
  <datafield tag="949" ind1=" " ind2=" ">
    <subfield code="9">S/2005/596</subfield>
    <subfield code="b">1325502.1.1</subfield>
    <subfield code="i">1325502</subfield>
    <subfield code="k">unas</subfield>
    <subfield code="c">c. 1</subfield>
    <subfield code="l">DHL</subfield>
    <subfield code="z">t</subfield>
    <subfield code="m">14day</subfield>
    <subfield code="d">20050923000000</subfield>
  </datafield>
  <datafield tag="949" ind1=" " ind2=" ">
    <subfield code="9">S/2005/596</subfield>
    <subfield code="b">1325505.4.1</subfield>
    <subfield code="i">1325505</subfield>
    <subfield code="k">unrs</subfield>
    <subfield code="c">c. 1</subfield>
    <subfield code="l">DHL</subfield>
    <subfield code="z">t</subfield>
    <subfield code="m">14day</subfield>
    <subfield code="d">20050923000000</subfield>
  </datafield>
  <datafield tag="949" ind1=" " ind2=" ">
    <subfield code="9">S/2005/596</subfield>
    <subfield code="b">1325503.2.1</subfield>
    <subfield code="i">1325503</subfield>
    <subfield code="k">uncs</subfield>
    <subfield code="c">c. 1</subfield>
    <subfield code="l">DHL</subfield>
    <subfield code="z">t</subfield>
    <subfield code="m">14day</subfield>
    <subfield code="d">20050923000000</subfield>
  </datafield>
  <datafield tag="949" ind1=" " ind2=" ">
    <subfield code="9">S/2005/596</subfield>
    <subfield code="b">1325504.3.1</subfield>
    <subfield code="i">1325504</subfield>
    <subfield code="k">unfs</subfield>
    <subfield code="c">c. 1</subfield>
    <subfield code="l">DHL</subfield>
    <subfield code="z">t</subfield>
    <subfield code="m">14day</subfield>
    <subfield code="d">20050923000000</subfield>
  </datafield>
  <datafield tag="949" ind1=" " ind2=" ">
    <subfield code="9">S/2005/596</subfield>
    <subfield code="b">10000007850071</subfield>
    <subfield code="i">1325501</subfield>
    <subfield code="k">unes</subfield>
    <subfield code="c">c. 1</subfield>
    <subfield code="l">DHL</subfield>
    <subfield code="z">t</subfield>
    <subfield code="m">14day</subfield>
    <subfield code="d">20050923000000</subfield>
  </datafield>
  <datafield tag="980" ind1=" " ind2=" ">
    <subfield code="a">BIB</subfield>
  </datafield>
  <datafield tag="981" ind1=" " ind2=" ">
    <subfield code="a">Security Council</subfield>
  </datafield>
  <datafield tag="989" ind1=" " ind2=" ">
    <subfield code="a">Documents and Publications</subfield>
    <subfield code="b">Reports</subfield>
    <subfield code="c">Secretary-General's Reports</subfield>
  </datafield>
  <datafield tag="991" ind1="3" ind2=" ">
    <subfield code="a">S/60</subfield>
    <subfield code="b">[171]</subfield>
    <subfield code="d">SIERRA LEONE--POLITICAL CONDITIONS</subfield>
    <subfield code="z">I0187339</subfield>
    <subfield code="0">(DHLAUTH)678951</subfield>
  </datafield>
  <datafield tag="991" ind1="3" ind2=" ">
    <subfield code="a">S/60</subfield>
    <subfield code="b">[172]</subfield>
    <subfield code="d">UN MISSION IN SIERRA LEONE</subfield>
    <subfield code="z">I0187339</subfield>
    <subfield code="0">(DHLAUTH)679023</subfield>
  </datafield>
  <datafield tag="998" ind1=" " ind2=" ">
    <subfield code="a">20050923092400</subfield>
    <subfield code="b">ia25</subfield>
    <subfield code="c">20210714154500</subfield>
    <subfield code="d">sh35cat</subfield>
    <subfield code="x">0x00010000c3d4f3c3</subfield>
    <subfield code="z">20210715124252</subfield>
  </datafield>
  <datafield tag="999" ind1=" " ind2=" ">
    <subfield code="a">pgt20050923</subfield>
    <subfield code="b">20050923</subfield>
    <subfield code="c">t</subfield>
  </datafield>
  <datafield tag="999" ind1=" " ind2=" ">
    <subfield code="a">iaq20050923</subfield>
    <subfield code="b">20050923</subfield>
    <subfield code="c">q</subfield>
  </datafield>
  <datafield tag="999" ind1=" " ind2=" ">
    <subfield code="a">yllc20050923</subfield>
    <subfield code="b">20050923</subfield>
    <subfield code="c">c</subfield>
  </datafield>
  <datafield tag="999" ind1=" " ind2=" ">
    <subfield code="a">TAr20050923</subfield>
    <subfield code="b">20050923</subfield>
    <subfield code="c">r</subfield>
  </datafield>
</record>