
<record>
  <controlfield tag="000">03181cam a2200973#  4500</controlfield>
  <controlfield tag="001">168436</controlfield>
  <controlfield tag="005">20221202212356.0</controlfield>
  <controlfield tag="008">930625s1993    usa     r           eng u</controlfield>
  <datafield tag="029" ind1=" " ind2=" ">
    <subfield code="a">JN</subfield>
    <subfield code="b">N9311225 E</subfield>
  </datafield>
  <datafield tag="035" ind1=" " ind2=" ">
    <subfield code="a">D320261X</subfield>
    <subfield code="z">D0145202</subfield>
    <subfield code="z">I0096606</subfield>
  </datafield>
  <datafield tag="035" ind1=" " ind2=" ">
    <subfield code="a">(DHL)320261</subfield>
  </datafield>
  <datafield tag="039" ind1=" " ind2=" ">
    <subfield code="a">DHU</subfield>
  </datafield>
  <datafield tag="040" ind1=" " ind2=" ">
    <subfield code="a">NNUN</subfield>
    <subfield code="b">eng</subfield>
  </datafield>
  <datafield tag="041" ind1=" " ind2=" ">
    <subfield code="a">arachiengfrerusspa</subfield>
  </datafield>
  <datafield tag="049" ind1=" " ind2=" ">
    <subfield code="a">usa</subfield>
  </datafield>
  <datafield tag="069" ind1=" " ind2=" ">
    <subfield code="a">HUR</subfield>
    <subfield code="b">0102</subfield>
  </datafield>
  <datafield tag="089" ind1=" " ind2=" ">
    <subfield code="a">Reports/studies</subfield>
    <subfield code="b">B16</subfield>
  </datafield>
  <datafield tag="089" ind1=" " ind2=" ">
    <subfield code="a">Source materials</subfield>
    <subfield code="b">A08</subfield>
  </datafield>
  <datafield tag="091" ind1=" " ind2=" ">
    <subfield code="a">GEN</subfield>
  </datafield>
  <datafield tag="099" ind1=" " ind2=" ">
    <subfield code="a">UNH</subfield>
    <subfield code="b">DHU</subfield>
  </datafield>
  <datafield tag="191" ind1=" " ind2=" ">
    <subfield code="a">A/48/92</subfield>
    <subfield code="b">A/</subfield>
    <subfield code="c">48</subfield>
    <subfield code="d">A/</subfield>
    <subfield code="e">48/92</subfield>
    <subfield code="f">002549</subfield>
    <subfield code="q">A4892</subfield>
    <subfield code="r">A48</subfield>
    <subfield code="0">(DHLAUTH)421437</subfield>
  </datafield>
  <datafield tag="191" ind1=" " ind2=" ">
    <subfield code="a">S/25341</subfield>
    <subfield code="b">S/</subfield>
    <subfield code="c">48</subfield>
    <subfield code="d">S/</subfield>
    <subfield code="e">25341</subfield>
    <subfield code="f">008997</subfield>
    <subfield code="q">S25341</subfield>
    <subfield code="r">S48</subfield>
    <subfield code="0">(DHLAUTH)13426</subfield>
  </datafield>
  <datafield tag="245" ind1="1" ind2="4">
    <subfield code="a">The situation of human rights in the territory of the former Yugoslavia :</subfield>
    <subfield code="b">note /</subfield>
    <subfield code="c">by the Secretary-General.</subfield>
  </datafield>
  <datafield tag="260" ind1=" " ind2=" ">
    <subfield code="a">[New York] :</subfield>
    <subfield code="b">UN,</subfield>
    <subfield code="c">26 Feb. 1993.</subfield>
  </datafield>
  <datafield tag="269" ind1=" " ind2=" ">
    <subfield code="a">1993-02-26</subfield>
  </datafield>
  <datafield tag="300" ind1=" " ind2=" ">
    <subfield code="a">79 p.</subfield>
  </datafield>
  <datafield tag="500" ind1=" " ind2=" ">
    <subfield code="a">Transmits report prepared by Tadeusz Mazowiecki, Special Rapporteur of the Commission on Human Rights.</subfield>
  </datafield>
  <datafield tag="500" ind1=" " ind2=" ">
    <subfield code="a">Includes "London International Conference : programme of action on humanitarian issue between the Co-Chairmen of the Conference and the parties to the conflicts".</subfield>
  </datafield>
  <datafield tag="610" ind1="2" ind2="7">
    <subfield code="a">UNHCR</subfield>
    <subfield code="0">(DHLAUTH)28850</subfield>
  </datafield>
  <datafield tag="610" ind1="2" ind2="7">
    <subfield code="a">UN Protection Force</subfield>
    <subfield code="0">(DHLAUTH)196286</subfield>
  </datafield>
  <datafield tag="610" ind1="2" ind2="7">
    <subfield code="a">International Conference on the Former Yugoslavia</subfield>
    <subfield code="0">(DHLAUTH)208514</subfield>
  </datafield>
  <datafield tag="650" ind1="0" ind2="7">
    <subfield code="a">MUSLIMS</subfield>
    <subfield code="0">(DHLAUTH)274430</subfield>
  </datafield>
  <datafield tag="650" ind1="0" ind2="7">
    <subfield code="a">ETHNIC CONFLICT</subfield>
    <subfield code="0">(DHLAUTH)268436</subfield>
  </datafield>
  <datafield tag="650" ind1="0" ind2="7">
    <subfield code="a">HUMAN RIGHTS</subfield>
    <subfield code="0">(DHLAUTH)274431</subfield>
  </datafield>
  <datafield tag="650" ind1="0" ind2="7">
    <subfield code="a">ETHNIC AND RACIAL GROUPS</subfield>
    <subfield code="0">(DHLAUTH)273229</subfield>
  </datafield>
  <datafield tag="650" ind1="0" ind2="7">
    <subfield code="a">SUMMARY EXECUTIONS</subfield>
    <subfield code="0">(DHLAUTH)274458</subfield>
  </datafield>
  <datafield tag="650" ind1="0" ind2="7">
    <subfield code="a">DETAINED PERSONS</subfield>
    <subfield code="0">(DHLAUTH)268490</subfield>
  </datafield>
  <datafield tag="650" ind1="0" ind2="7">
    <subfield code="a">DETENTION CENTRES</subfield>
    <subfield code="0">(DHLAUTH)274455</subfield>
  </datafield>
  <datafield tag="650" ind1="0" ind2="7">
    <subfield code="a">PRISONER TREATMENT</subfield>
    <subfield code="0">(DHLAUTH)268492</subfield>
  </datafield>
  <datafield tag="650" ind1="0" ind2="7">
    <subfield code="a">WOMEN</subfield>
    <subfield code="0">(DHLAUTH)273032</subfield>
  </datafield>
  <datafield tag="650" ind1="0" ind2="7">
    <subfield code="a">CHILDREN</subfield>
    <subfield code="0">(DHLAUTH)269400</subfield>
  </datafield>
  <datafield tag="650" ind1="0" ind2="7">
    <subfield code="a">ARMED INCIDENTS</subfield>
    <subfield code="0">(DHLAUTH)268830</subfield>
  </datafield>
  <datafield tag="650" ind1="0" ind2="7">
    <subfield code="a">DISPLACED PERSONS</subfield>
    <subfield code="0">(DHLAUTH)273028</subfield>
  </datafield>
  <datafield tag="650" ind1="0" ind2="7">
    <subfield code="a">CIVILIAN PERSONS</subfield>
    <subfield code="0">(DHLAUTH)274447</subfield>
  </datafield>
  <datafield tag="650" ind1="0" ind2="7">
    <subfield code="a">BOSNIA AND HERZEGOVINA</subfield>
    <subfield code="0">(DHLAUTH)275598</subfield>
  </datafield>
  <datafield tag="650" ind1="0" ind2="7">
    <subfield code="a">HUMAN RIGHTS</subfield>
    <subfield code="0">(DHLAUTH)274431</subfield>
  </datafield>
  <datafield tag="650" ind1="0" ind2="7">
    <subfield code="a">ALBANIANS</subfield>
    <subfield code="0">(DHLAUTH)273258</subfield>
  </datafield>
  <datafield tag="650" ind1="0" ind2="7">
    <subfield code="a">YUGOSLAVIA</subfield>
    <subfield code="0">(DHLAUTH)273224</subfield>
  </datafield>
  <datafield tag="650" ind1="0" ind2="7">
    <subfield code="a">HUMAN RIGHTS</subfield>
    <subfield code="0">(DHLAUTH)274431</subfield>
  </datafield>
  <datafield tag="650" ind1="0" ind2="7">
    <subfield code="a">ALBANIANS</subfield>
    <subfield code="0">(DHLAUTH)273258</subfield>
  </datafield>
  <datafield tag="650" ind1="0" ind2="7">
    <subfield code="a">KOSOVO (SERBIA)</subfield>
    <subfield code="0">(DHLAUTH)277188</subfield>
  </datafield>
  <datafield tag="650" ind1="0" ind2="7">
    <subfield code="a">HUMAN RIGHTS</subfield>
    <subfield code="0">(DHLAUTH)274431</subfield>
  </datafield>
  <datafield tag="650" ind1="0" ind2="7">
    <subfield code="a">PEACEKEEPING OPERATIONS</subfield>
    <subfield code="0">(DHLAUTH)474428</subfield>
  </datafield>
  <datafield tag="650" ind1="0" ind2="7">
    <subfield code="a">ETHNIC CONFLICT</subfield>
    <subfield code="0">(DHLAUTH)268436</subfield>
  </datafield>
  <datafield tag="650" ind1="0" ind2="7">
    <subfield code="a">CROATIA</subfield>
    <subfield code="0">(DHLAUTH)273223</subfield>
  </datafield>
  <datafield tag="650" ind1="0" ind2="7">
    <subfield code="a">HUMAN RIGHTS</subfield>
    <subfield code="0">(DHLAUTH)274431</subfield>
  </datafield>
  <datafield tag="650" ind1="0" ind2="7">
    <subfield code="a">SANDZAK REGION</subfield>
    <subfield code="0">(DHLAUTH)277491</subfield>
  </datafield>
  <datafield tag="650" ind1="0" ind2="7">
    <subfield code="a">ETHNIC CONFLICT</subfield>
    <subfield code="0">(DHLAUTH)268436</subfield>
  </datafield>
  <datafield tag="650" ind1="0" ind2="7">
    <subfield code="a">HUMAN RIGHTS</subfield>
    <subfield code="0">(DHLAUTH)274431</subfield>
  </datafield>
  <datafield tag="650" ind1="0" ind2="7">
    <subfield code="a">VOJVODINA (SERBIA)</subfield>
    <subfield code="0">(DHLAUTH)277634</subfield>
  </datafield>
  <datafield tag="650" ind1="0" ind2="7">
    <subfield code="a">HUMAN RIGHTS</subfield>
    <subfield code="0">(DHLAUTH)274431</subfield>
  </datafield>
  <datafield tag="650" ind1="0" ind2="7">
    <subfield code="a">REFUGEES</subfield>
    <subfield code="0">(DHLAUTH)273031</subfield>
  </datafield>
  <datafield tag="650" ind1="0" ind2="7">
    <subfield code="a">SLOVENIA</subfield>
    <subfield code="0">(DHLAUTH)275599</subfield>
  </datafield>
  <datafield tag="650" ind1="0" ind2="7">
    <subfield code="a">HUMAN RIGHTS</subfield>
    <subfield code="0">(DHLAUTH)274431</subfield>
  </datafield>
  <datafield tag="650" ind1="0" ind2="7">
    <subfield code="a">CONSTITUTIONS</subfield>
    <subfield code="0">(DHLAUTH)268316</subfield>
  </datafield>
  <datafield tag="650" ind1="0" ind2="7">
    <subfield code="a">ETHNIC AND RACIAL GROUPS</subfield>
    <subfield code="0">(DHLAUTH)273229</subfield>
  </datafield>
  <datafield tag="650" ind1="0" ind2="7">
    <subfield code="a">REFUGEES</subfield>
    <subfield code="0">(DHLAUTH)273031</subfield>
  </datafield>
  <datafield tag="650" ind1="0" ind2="7">
    <subfield code="a">NORTH MACEDONIA</subfield>
    <subfield code="0">(DHLAUTH)275600</subfield>
  </datafield>
  <datafield tag="650" ind1="0" ind2="7">
    <subfield code="a">ETHNIC CLEANSING</subfield>
    <subfield code="0">(DHLAUTH)269489</subfield>
  </datafield>
  <datafield tag="650" ind1="0" ind2="7">
    <subfield code="a">BOSNIA AND HERZEGOVINA SITUATION</subfield>
    <subfield code="0">(DHLAUTH)276491</subfield>
  </datafield>
  <datafield tag="650" ind1="0" ind2="7">
    <subfield code="a">REFUGEES FROM BOSNIA AND HERZEGOVINA</subfield>
    <subfield code="0">(DHLAUTH)274379</subfield>
  </datafield>
  <datafield tag="650" ind1="0" ind2="7">
    <subfield code="a">HUMAN RIGHTS IN ARMED CONFLICTS</subfield>
    <subfield code="0">(DHLAUTH)268831</subfield>
  </datafield>
  <datafield tag="650" ind1="0" ind2="7">
    <subfield code="a">RECOMMENDATIONS</subfield>
    <subfield code="0">(DHLAUTH)275840</subfield>
  </datafield>
  <datafield tag="650" ind1="0" ind2="7">
    <subfield code="a">WAR CRIMES</subfield>
    <subfield code="0">(DHLAUTH)268794</subfield>
  </datafield>
  <datafield tag="650" ind1="0" ind2="7">
    <subfield code="a">COMMISSIONS OF INQUIRY</subfield>
    <subfield code="0">(DHLAUTH)268291</subfield>
  </datafield>
  <datafield tag="650" ind1="0" ind2="7">
    <subfield code="a">MASS GRAVES</subfield>
    <subfield code="0">(DHLAUTH)274394</subfield>
  </datafield>
  <datafield tag="700" ind1="1" ind2="0">
    <subfield code="a">Mazowiecki, Tadeusz</subfield>
    <subfield code="0">(DHLAUTH)360729</subfield>
  </datafield>
  <datafield tag="710" ind1="2" ind2="0">
    <subfield code="a">UN. Secretary-General</subfield>
    <subfield code="0">(DHLAUTH)10663</subfield>
  </datafield>
  <datafield tag="710" ind1="2" ind2="0">
    <subfield code="a">UN. Commission on Human Rights. Special Rapporteur on the Situation of Human Rights in Bosnia and Herzegovina, the Republic of Croatia and the Federal Republic of Yugoslavia</subfield>
    <subfield code="0">(DHLAUTH)203944</subfield>
  </datafield>
  <datafield tag="856" ind1="4" ind2=" ">
    <subfield code="y">العربية</subfield>
    <subfield code="9">f6aac14e-4587-4a18-b9e5-06734a7d9d7d</subfield>
    <subfield code="s">3137676</subfield>
    <subfield code="u">https://digitallibrary.un.org/record/168436/files/A_48_92--S_25341-AR.pdf</subfield>
  </datafield>
  <datafield tag="856" ind1="4" ind2=" ">
    <subfield code="y">中文</subfield>
    <subfield code="9">de23c25c-6461-4584-9523-adfacd6c5e94</subfield>
    <subfield code="s">4887769</subfield>
    <subfield code="u">https://digitallibrary.un.org/record/168436/files/A_48_92--S_25341-ZH.pdf</subfield>
  </datafield>
  <datafield tag="856" ind1="4" ind2=" ">
    <subfield code="y">English</subfield>
    <subfield code="9">ba16395c-784b-4b1b-b29f-6479ec4fa8d9</subfield>
    <subfield code="s">4538693</subfield>
    <subfield code="u">https://digitallibrary.un.org/record/168436/files/A_48_92--S_25341-EN.pdf</subfield>
  </datafield>
  <datafield tag="856" ind1="4" ind2=" ">
    <subfield code="y">Français</subfield>
    <subfield code="9">3e8d2883-ebb2-43eb-a1eb-ea39bb9f74cb</subfield>
    <subfield code="s">5290968</subfield>
    <subfield code="u">https://digitallibrary.un.org/record/168436/files/A_48_92--S_25341-FR.pdf</subfield>
  </datafield>
  <datafield tag="856" ind1="4" ind2=" ">
    <subfield code="y">Русский</subfield>
    <subfield code="9">cc718b7d-9afb-4c9d-bcb2-a01794163542</subfield>
    <subfield code="s">4750034</subfield>
    <subfield code="u">https://digitallibrary.un.org/record/168436/files/A_48_92--S_25341-RU.pdf</subfield>
  </datafield>
  <datafield tag="856" ind1="4" ind2=" ">
    <subfield code="y">Español</subfield>
    <subfield code="9">ed1335c9-0c47-4b3d-8aac-ca52fd39ea3a</subfield>
    <subfield code="s">5326316</subfield>
    <subfield code="u">https://digitallibrary.un.org/record/168436/files/A_48_92--S_25341-ES.pdf</subfield>
  </datafield>
  <datafield tag="930" ind1=" " ind2=" ">
    <subfield code="a">UNDOCT93</subfield>
  </datafield>
  <datafield tag="930" ind1=" " ind2=" ">
    <subfield code="a">HUR</subfield>
    <subfield code="b">002050</subfield>
  </datafield>
  <datafield tag="930" ind1=" " ind2=" ">
    <subfield code="a">CHCJUN93</subfield>
  </datafield>
  <datafield tag="949" ind1=" " ind2=" ">
    <subfield code="9">A/48/92</subfield>
    <subfield code="b">mq382646</subfield>
    <subfield code="i">382646</subfield>
    <subfield code="k">unes</subfield>
    <subfield code="l">DHL</subfield>
    <subfield code="z">i</subfield>
    <subfield code="m">vcirc</subfield>
    <subfield code="d">19961230000000</subfield>
  </datafield>
  <datafield tag="955" ind1=" " ind2=" ">
    <subfield code="a">02027100</subfield>
  </datafield>
  <datafield tag="980" ind1=" " ind2=" ">
    <subfield code="a">BIB</subfield>
  </datafield>
  <datafield tag="981" ind1=" " ind2=" ">
    <subfield code="a">General Assembly</subfield>
    <subfield code="b">General Assembly Plenary</subfield>
  </datafield>
  <datafield tag="981" ind1=" " ind2=" ">
    <subfield code="a">Security Council</subfield>
  </datafield>
  <datafield tag="981" ind1=" " ind2=" ">
    <subfield code="a">Human Rights Bodies</subfield>
    <subfield code="b">Charter-Based Human Rights Bodies</subfield>
    <subfield code="c">Commission on Human Rights</subfield>
  </datafield>
  <datafield tag="989" ind1=" " ind2=" ">
    <subfield code="a">Documents and Publications</subfield>
  </datafield>
  <datafield tag="991" ind1="1" ind2=" ">
    <subfield code="a">A/48/251</subfield>
    <subfield code="b">114c[10]</subfield>
    <subfield code="d">HUMAN RIGHTS--FORMER YUGOSLAVIA</subfield>
    <subfield code="f">G00</subfield>
    <subfield code="0">(DHLAUTH)421457</subfield>
  </datafield>
  <datafield tag="991" ind1="3" ind2=" ">
    <subfield code="a">S/48</subfield>
    <subfield code="b">[113]</subfield>
    <subfield code="d">HUMAN RIGHTS--FORMER YUGOSLAVIA</subfield>
    <subfield code="f">X00</subfield>
    <subfield code="0">(DHLAUTH)420164</subfield>
  </datafield>
  <datafield tag="991" ind1="3" ind2=" ">
    <subfield code="a">S/48</subfield>
    <subfield code="b">[98]</subfield>
    <subfield code="d">FORMER YUGOSLAVIA SITUATION</subfield>
    <subfield code="f">X00</subfield>
    <subfield code="0">(DHLAUTH)420109</subfield>
  </datafield>
  <datafield tag="998" ind1=" " ind2=" ">
    <subfield code="a">19961227000000</subfield>
    <subfield code="c">20220627100400</subfield>
    <subfield code="d">sh35cat</subfield>
    <subfield code="x">0x00010000c717e6e3</subfield>
    <subfield code="z">20220627145028</subfield>
  </datafield>
</record>