
<record>
  <controlfield tag="000">00433nam a2200205#a 4500</controlfield>
  <controlfield tag="001">559429</controlfield>
  <controlfield tag="005">20210712183030.0</controlfield>
  <controlfield tag="008">051031s2005    usa    #r     00010 eng d</controlfield>
  <datafield tag="029" ind1=" " ind2=" ">
    <subfield code="a">JN</subfield>
    <subfield code="b">N0557555 E</subfield>
  </datafield>
  <datafield tag="035" ind1=" " ind2=" ">
    <subfield code="a">D787739X</subfield>
    <subfield code="z">D0324955</subfield>
  </datafield>
  <datafield tag="035" ind1=" " ind2=" ">
    <subfield code="a">(DHL)787739</subfield>
  </datafield>
  <datafield tag="039" ind1=" " ind2=" ">
    <subfield code="a">DHU</subfield>
  </datafield>
  <datafield tag="040" ind1=" " ind2=" ">
    <subfield code="a">NNUN</subfield>
    <subfield code="b">eng</subfield>
  </datafield>
  <datafield tag="041" ind1="0" ind2=" ">
    <subfield code="a">arachiengfrerusspa</subfield>
  </datafield>
  <datafield tag="049" ind1=" " ind2=" ">
    <subfield code="a">usa</subfield>
  </datafield>
  <datafield tag="089" ind1=" " ind2=" ">
    <subfield code="b">B17</subfield>
  </datafield>
  <datafield tag="091" ind1=" " ind2=" ">
    <subfield code="a">GEN</subfield>
  </datafield>
  <datafield tag="099" ind1=" " ind2=" ">
    <subfield code="a">UNH</subfield>
    <subfield code="b">DHU</subfield>
  </datafield>
  <datafield tag="191" ind1=" " ind2=" ">
    <subfield code="a">S/PRST/2005/52</subfield>
    <subfield code="b">S/</subfield>
    <subfield code="c">60</subfield>
    <subfield code="9">X15</subfield>
    <subfield code="f">3.3137</subfield>
    <subfield code="q">SPRST200552</subfield>
    <subfield code="r">S60</subfield>
    <subfield code="0">(DHLAUTH)679838</subfield>
  </datafield>
  <datafield tag="239" ind1="1" ind2="0">
    <subfield code="a">Statement [made on behalf of the Security Council, at the 5294th meeting, 27 Oct. 2005, in connection with the Council's consideration of the item entitled "Women and peace and security"]</subfield>
  </datafield>
  <datafield tag="245" ind1="0" ind2="0">
    <subfield code="a">Statement /</subfield>
    <subfield code="c">by the President of the Security Council</subfield>
  </datafield>
  <datafield tag="260" ind1=" " ind2=" ">
    <subfield code="a">[New York] :</subfield>
    <subfield code="b">UN,</subfield>
    <subfield code="c">27 Oct. 2005</subfield>
  </datafield>
  <datafield tag="269" ind1=" " ind2=" ">
    <subfield code="a">2005-10-27</subfield>
  </datafield>
  <datafield tag="300" ind1=" " ind2=" ">
    <subfield code="a">3 p.</subfield>
  </datafield>
  <datafield tag="610" ind1="2" ind2="7">
    <subfield code="a">UN System</subfield>
    <subfield code="2">unbisn</subfield>
    <subfield code="0">(DHLAUTH)13838</subfield>
  </datafield>
  <datafield tag="610" ind1="7" ind2=" ">
    <subfield code="a">UN. Department of Political Affairs</subfield>
    <subfield code="2">unbisn</subfield>
    <subfield code="0">(DHLAUTH)196355</subfield>
  </datafield>
  <datafield tag="610" ind1="7" ind2=" ">
    <subfield code="a">UN. Peacebuilding Commission</subfield>
    <subfield code="2">unbisn</subfield>
    <subfield code="0">(DHLAUTH)677863</subfield>
  </datafield>
  <datafield tag="630" ind1="7" ind2=" ">
    <subfield code="a">2005 World Summit Outcome</subfield>
    <subfield code="2">unbisn</subfield>
    <subfield code="0">(DHLAUTH)695294</subfield>
  </datafield>
  <datafield tag="630" ind1="7" ind2=" ">
    <subfield code="a">UN System-wide Action Plan for the Implementation of Security Council Resolution 1325 (2000)</subfield>
    <subfield code="2">unbisn</subfield>
    <subfield code="0">(DHLAUTH)697213</subfield>
  </datafield>
  <datafield tag="650" ind1="1" ind2="7">
    <subfield code="a">WOMEN'S ADVANCEMENT</subfield>
    <subfield code="2">unbist</subfield>
    <subfield code="0">(DHLAUTH)273158</subfield>
  </datafield>
  <datafield tag="650" ind1="1" ind2="7">
    <subfield code="a">POLITICAL PARTICIPATION</subfield>
    <subfield code="2">unbist</subfield>
    <subfield code="0">(DHLAUTH)268475</subfield>
  </datafield>
  <datafield tag="650" ind1="1" ind2="7">
    <subfield code="a">WOMEN MANAGERS</subfield>
    <subfield code="2">unbist</subfield>
    <subfield code="0">(DHLAUTH)272023</subfield>
  </datafield>
  <datafield tag="650" ind1="1" ind2="7">
    <subfield code="a">WOMEN IN ARMED CONFLICTS</subfield>
    <subfield code="2">unbist</subfield>
    <subfield code="0">(DHLAUTH)652111</subfield>
  </datafield>
  <datafield tag="650" ind1="1" ind2="7">
    <subfield code="a">GENDER MAINSTREAMING</subfield>
    <subfield code="2">unbist</subfield>
    <subfield code="0">(DHLAUTH)493524</subfield>
  </datafield>
  <datafield tag="650" ind1="2" ind2="7">
    <subfield code="a">STAFFING</subfield>
    <subfield code="2">unbist</subfield>
    <subfield code="0">(DHLAUTH)272050</subfield>
  </datafield>
  <datafield tag="650" ind1="2" ind2="7">
    <subfield code="a">DECISION-MAKING</subfield>
    <subfield code="2">unbist</subfield>
    <subfield code="0">(DHLAUTH)270223</subfield>
  </datafield>
  <datafield tag="650" ind1="2" ind2="7">
    <subfield code="a">WOMEN IN POLITICS</subfield>
    <subfield code="2">unbist</subfield>
    <subfield code="0">(DHLAUTH)268479</subfield>
  </datafield>
  <datafield tag="650" ind1="2" ind2="7">
    <subfield code="a">PROGRAMMES OF ACTION</subfield>
    <subfield code="2">unbist</subfield>
    <subfield code="0">(DHLAUTH)275777</subfield>
  </datafield>
  <datafield tag="650" ind1="2" ind2="7">
    <subfield code="a">FIELD STAFF</subfield>
    <subfield code="2">unbist</subfield>
    <subfield code="0">(DHLAUTH)268633</subfield>
  </datafield>
  <datafield tag="650" ind1="2" ind2="7">
    <subfield code="a">PEACEKEEPING OPERATIONS</subfield>
    <subfield code="2">unbist</subfield>
    <subfield code="0">(DHLAUTH)474428</subfield>
  </datafield>
  <datafield tag="650" ind1="2" ind2="7">
    <subfield code="a">PEACEBUILDING</subfield>
    <subfield code="2">unbist</subfield>
    <subfield code="0">(DHLAUTH)268714</subfield>
  </datafield>
  <datafield tag="650" ind1="2" ind2="7">
    <subfield code="a">POST-CONFLICT RECONSTRUCTION</subfield>
    <subfield code="2">unbist</subfield>
    <subfield code="0">(DHLAUTH)534888</subfield>
  </datafield>
  <datafield tag="650" ind1="2" ind2="7">
    <subfield code="a">TRAINING PROGRAMMES</subfield>
    <subfield code="2">unbist</subfield>
    <subfield code="0">(DHLAUTH)274026</subfield>
  </datafield>
  <datafield tag="650" ind1="2" ind2="7">
    <subfield code="a">GUIDELINES</subfield>
    <subfield code="2">unbist</subfield>
    <subfield code="0">(DHLAUTH)275775</subfield>
  </datafield>
  <datafield tag="650" ind1="2" ind2="7">
    <subfield code="a">GENDER-BASED VIOLENCE</subfield>
    <subfield code="2">unbist</subfield>
    <subfield code="0">(DHLAUTH)276684</subfield>
  </datafield>
  <datafield tag="650" ind1="2" ind2="7">
    <subfield code="a">CIVIL SOCIETY</subfield>
    <subfield code="2">unbist</subfield>
    <subfield code="0">(DHLAUTH)479996</subfield>
  </datafield>
  <datafield tag="650" ind1="2" ind2="7">
    <subfield code="a">SPECIAL REPRESENTATIVES</subfield>
    <subfield code="2">unbist</subfield>
    <subfield code="0">(DHLAUTH)548003</subfield>
  </datafield>
  <datafield tag="650" ind1="2" ind2="7">
    <subfield code="a">TROOP-CONTRIBUTING STATES</subfield>
    <subfield code="2">unbist</subfield>
    <subfield code="0">(DHLAUTH)268938</subfield>
  </datafield>
  <datafield tag="650" ind1="2" ind2="7">
    <subfield code="a">REPORT PREPARATION</subfield>
    <subfield code="2">unbist</subfield>
    <subfield code="0">(DHLAUTH)275139</subfield>
  </datafield>
  <datafield tag="650" ind1="2" ind2="7">
    <subfield code="a">CODES OF CONDUCT</subfield>
    <subfield code="2">unbist</subfield>
    <subfield code="0">(DHLAUTH)275793</subfield>
  </datafield>
  <datafield tag="710" ind1=" " ind2=" ">
    <subfield code="a">UN. Security Council (60th year : 2005). President</subfield>
    <subfield code="0">(DHLAUTH)679962</subfield>
  </datafield>
  <datafield tag="856" ind1="4" ind2=" ">
    <subfield code="y">العربية</subfield>
    <subfield code="9">e788d6b0-b764-4707-8e8c-b2ee370feb83</subfield>
    <subfield code="s">101972</subfield>
    <subfield code="u">https://digitallibrary.un.org/record/559429/files/S_PRST_2005_52-AR.pdf</subfield>
  </datafield>
  <datafield tag="856" ind1="4" ind2=" ">
    <subfield code="y">Other</subfield>
    <subfield code="9">0eec1dd9-9ebf-4e9b-a92a-3841501512ef</subfield>
    <subfield code="s">27247</subfield>
    <subfield code="u">https://digitallibrary.un.org/record/559429/files/S_PRST_2005_52-DE.pdf</subfield>
  </datafield>
  <datafield tag="856" ind1="4" ind2=" ">
    <subfield code="y">English</subfield>
    <subfield code="9">a459712a-0af9-47b5-86db-e982a81de4fc</subfield>
    <subfield code="s">30672</subfield>
    <subfield code="u">https://digitallibrary.un.org/record/559429/files/S_PRST_2005_52-EN.pdf</subfield>
  </datafield>
  <datafield tag="856" ind1="4" ind2=" ">
    <subfield code="y">Español</subfield>
    <subfield code="9">23e6805b-0eeb-4220-8e53-b711bff90b41</subfield>
    <subfield code="s">104633</subfield>
    <subfield code="u">https://digitallibrary.un.org/record/559429/files/S_PRST_2005_52-ES.pdf</subfield>
  </datafield>
  <datafield tag="856" ind1="4" ind2=" ">
    <subfield code="y">Français</subfield>
    <subfield code="9">956828b0-8109-4bef-90ef-4213c0201a66</subfield>
    <subfield code="s">37841</subfield>
    <subfield code="u">https://digitallibrary.un.org/record/559429/files/S_PRST_2005_52-FR.pdf</subfield>
  </datafield>
  <datafield tag="856" ind1="4" ind2=" ">
    <subfield code="y">Русский</subfield>
    <subfield code="9">c3c951d8-d157-46f3-87fc-6e577cb5906d</subfield>
    <subfield code="s">126366</subfield>
    <subfield code="u">https://digitallibrary.un.org/record/559429/files/S_PRST_2005_52-RU.pdf</subfield>
  </datafield>
  <datafield tag="856" ind1="4" ind2=" ">
    <subfield code="y">中文</subfield>
    <subfield code="9">6efbdc0d-cfa7-4aa9-8137-4f9fd3efa139</subfield>
    <subfield code="s">159943</subfield>
    <subfield code="u">https://digitallibrary.un.org/record/559429/files/S_PRST_2005_52-ZH.pdf</subfield>
  </datafield>
  <datafield tag="930" ind1=" " ind2=" ">
    <subfield code="a">UNDOC05</subfield>
  </datafield>
  <datafield tag="930" ind1=" " ind2=" ">
    <subfield code="a">UDIQ305</subfield>
    <subfield code="b">3.3137</subfield>
  </datafield>
  <datafield tag="949" ind1=" " ind2=" ">
    <subfield code="9">S/PRST/2005/52</subfield>
    <subfield code="b">1334184.3.1</subfield>
    <subfield code="i">1334184</subfield>
    <subfield code="k">unrs</subfield>
    <subfield code="c">c. 1</subfield>
    <subfield code="l">DHL</subfield>
    <subfield code="z">t</subfield>
    <subfield code="m">14day</subfield>
    <subfield code="d">20051031000000</subfield>
  </datafield>
  <datafield tag="949" ind1=" " ind2=" ">
    <subfield code="9">S/PRST/2005/52</subfield>
    <subfield code="b">1334183.2.1</subfield>
    <subfield code="i">1334183</subfield>
    <subfield code="k">unss</subfield>
    <subfield code="c">c. 1</subfield>
    <subfield code="l">DHL</subfield>
    <subfield code="z">t</subfield>
    <subfield code="m">14day</subfield>
    <subfield code="d">20051031000000</subfield>
  </datafield>
  <datafield tag="949" ind1=" " ind2=" ">
    <subfield code="9">S/PRST/2005/52</subfield>
    <subfield code="b">1334185.4.1</subfield>
    <subfield code="i">1334185</subfield>
    <subfield code="k">unas</subfield>
    <subfield code="c">c. 1</subfield>
    <subfield code="l">DHL</subfield>
    <subfield code="z">t</subfield>
    <subfield code="m">14day</subfield>
    <subfield code="d">20051031000000</subfield>
  </datafield>
  <datafield tag="949" ind1=" " ind2=" ">
    <subfield code="9">S/PRST/2005/52</subfield>
    <subfield code="b">1334182.1.1</subfield>
    <subfield code="i">1334182</subfield>
    <subfield code="k">unfs</subfield>
    <subfield code="c">c. 1</subfield>
    <subfield code="l">DHL</subfield>
    <subfield code="z">t</subfield>
    <subfield code="m">14day</subfield>
    <subfield code="d">20051031000000</subfield>
  </datafield>
  <datafield tag="949" ind1=" " ind2=" ">
    <subfield code="9">S/PRST/2005/52</subfield>
    <subfield code="b">1334186.5.1</subfield>
    <subfield code="i">1334186</subfield>
    <subfield code="k">uncs</subfield>
    <subfield code="c">c. 1</subfield>
    <subfield code="l">DHL</subfield>
    <subfield code="z">t</subfield>
    <subfield code="m">14day</subfield>
    <subfield code="d">20051031000000</subfield>
  </datafield>
  <datafield tag="949" ind1=" " ind2=" ">
    <subfield code="9">S/PRST/2005/52</subfield>
    <subfield code="b">10000007877391</subfield>
    <subfield code="i">1334181</subfield>
    <subfield code="k">unes</subfield>
    <subfield code="c">c. 1</subfield>
    <subfield code="l">DHL</subfield>
    <subfield code="z">t</subfield>
    <subfield code="m">14day</subfield>
    <subfield code="d">20051031000000</subfield>
  </datafield>
  <datafield tag="980" ind1=" " ind2=" ">
    <subfield code="a">BIB</subfield>
  </datafield>
  <datafield tag="981" ind1=" " ind2=" ">
    <subfield code="a">Security Council</subfield>
  </datafield>
  <datafield tag="989" ind1=" " ind2=" ">
    <subfield code="a">Documents and Publications</subfield>
    <subfield code="b">Resolutions and Decisions</subfield>
    <subfield code="c">Presidential Statements</subfield>
  </datafield>
  <datafield tag="991" ind1="3" ind2=" ">
    <subfield code="a">S/60</subfield>
    <subfield code="b">[201]</subfield>
    <subfield code="d">WOMEN IN ARMED CONFLICTS</subfield>
    <subfield code="z">I0187984</subfield>
    <subfield code="0">(DHLAUTH)679055</subfield>
  </datafield>
  <datafield tag="993" ind1="4" ind2=" ">
    <subfield code="a">S/PV.5294</subfield>
  </datafield>
  <datafield tag="995" ind1=" " ind2=" ">
    <subfield code="a">Welcomes the UN System-wide Action Plan for the implementation of Security Council resolution 1325 (2000) across the UN system and requests the Secretary-General to update, monitor and review its implementation and integration on an annual basis, and report to the Security Council, starting in Oct. 2006; urges the Secretary-General to proceed with the appointment of a gender adviser within the Department of Political Affairs and to continue to identify women candidates for senior level positions within the UN system, including as Special Representatives; requests the Secretary-General to ensure that all peace accords concluded with UN assistance address the specific effects of armed conflict on women and girls, as well as their specific needs and priorities in the post-conflict context; calls upon all parties to armed conflict to ensure full and effective protection of women and emphasizes the necessity to end impunity of those responsible for gender-based violence; urges troop-contributing countries to take appropriate preventive action, including the conduct of predeployment awareness training, and to take disciplinary action and other action to ensure full accountability in cases of misconduct involving their personnel.</subfield>
  </datafield>
  <datafield tag="998" ind1=" " ind2=" ">
    <subfield code="a">20051031095400</subfield>
    <subfield code="b">nmcs</subfield>
    <subfield code="c">20210712081600</subfield>
    <subfield code="d">sh35cat</subfield>
    <subfield code="x">0x00010000c3cabea8</subfield>
    <subfield code="z">20210712122310</subfield>
  </datafield>
  <datafield tag="999" ind1=" " ind2=" ">
    <subfield code="a">ffu20201207</subfield>
    <subfield code="b">20201207</subfield>
    <subfield code="c">u</subfield>
  </datafield>
  <datafield tag="999" ind1=" " ind2=" ">
    <subfield code="a">pgt20051031</subfield>
    <subfield code="b">20051031</subfield>
    <subfield code="c">t</subfield>
  </datafield>
  <datafield tag="999" ind1=" " ind2=" ">
    <subfield code="a">nmu20051102</subfield>
    <subfield code="b">20051102</subfield>
    <subfield code="c">u</subfield>
  </datafield>
  <datafield tag="999" ind1=" " ind2=" ">
    <subfield code="a">nmq20051031</subfield>
    <subfield code="b">20051031</subfield>
    <subfield code="c">q</subfield>
  </datafield>
  <datafield tag="999" ind1=" " ind2=" ">
    <subfield code="a">onc20051031</subfield>
    <subfield code="b">20051031</subfield>
    <subfield code="c">c</subfield>
  </datafield>
  <datafield tag="999" ind1=" " ind2=" ">
    <subfield code="a">TAr20051101</subfield>
    <subfield code="b">20051101</subfield>
    <subfield code="c">r</subfield>
  </datafield>
</record>