
<record>
  <controlfield tag="000">00000nam a2200025#a 4500</controlfield>
  <controlfield tag="001">807245</controlfield>
  <controlfield tag="005">20230411122703.0</controlfield>
  <controlfield tag="008">151014s2015    usa    #r     |||1| eng d</controlfield>
  <datafield tag="029" ind1=" " ind2=" ">
    <subfield code="a">JN</subfield>
    <subfield code="b">N1517716 E</subfield>
  </datafield>
  <datafield tag="035" ind1=" " ind2=" ">
    <subfield code="a">(DHL)1066248</subfield>
  </datafield>
  <datafield tag="039" ind1=" " ind2=" ">
    <subfield code="a">DHU</subfield>
  </datafield>
  <datafield tag="040" ind1=" " ind2=" ">
    <subfield code="a">NNUN</subfield>
    <subfield code="b">eng</subfield>
  </datafield>
  <datafield tag="041" ind1=" " ind2=" ">
    <subfield code="a">arachiengfrerusspa</subfield>
  </datafield>
  <datafield tag="049" ind1=" " ind2=" ">
    <subfield code="a">usa</subfield>
  </datafield>
  <datafield tag="089" ind1=" " ind2=" ">
    <subfield code="b">B01</subfield>
  </datafield>
  <datafield tag="091" ind1=" " ind2=" ">
    <subfield code="a">GEN</subfield>
  </datafield>
  <datafield tag="099" ind1=" " ind2=" ">
    <subfield code="a">UNH</subfield>
    <subfield code="b">DHU</subfield>
  </datafield>
  <datafield tag="191" ind1=" " ind2=" ">
    <subfield code="a">S/RES/2242 (2015)</subfield>
    <subfield code="b">S/</subfield>
    <subfield code="c">70</subfield>
    <subfield code="9">X99</subfield>
    <subfield code="q">SRES22422015</subfield>
    <subfield code="q">SRES2242</subfield>
    <subfield code="r">S70</subfield>
    <subfield code="0">(DHLAUTH)849927</subfield>
  </datafield>
  <datafield tag="239" ind1="1" ind2="0">
    <subfield code="a">Security Council resolution 2242 (2015) [on women and peace and security]</subfield>
  </datafield>
  <datafield tag="245" ind1="0" ind2="0">
    <subfield code="a">Resolution 2242 (2015) /</subfield>
    <subfield code="c">adopted by the Security Council at its 7533rd meeting, on 13 October 2015</subfield>
  </datafield>
  <datafield tag="260" ind1=" " ind2=" ">
    <subfield code="a">[New York] :</subfield>
    <subfield code="b">UN,</subfield>
    <subfield code="c">13 Oct. 2015</subfield>
  </datafield>
  <datafield tag="269" ind1=" " ind2=" ">
    <subfield code="a">2015-10-13</subfield>
  </datafield>
  <datafield tag="300" ind1=" " ind2=" ">
    <subfield code="a">7 p.</subfield>
  </datafield>
  <datafield tag="500" ind1=" " ind2=" ">
    <subfield code="a">Issued in: Resolutions and decisions of the Security Council, 1 August 2015-31 July 2016 - S/INF/71 - (SCOR, 71st year).</subfield>
  </datafield>
  <datafield tag="610" ind1="2" ind2="7">
    <subfield code="a">UN. Department of Peacekeeping Operations</subfield>
    <subfield code="2">unbisn</subfield>
    <subfield code="0">(DHLAUTH)54500</subfield>
  </datafield>
  <datafield tag="610" ind1="2" ind2="7">
    <subfield code="a">UN. Department of Political Affairs</subfield>
    <subfield code="2">unbisn</subfield>
    <subfield code="0">(DHLAUTH)196355</subfield>
  </datafield>
  <datafield tag="610" ind1="2" ind2="7">
    <subfield code="a">UN. Peacebuilding Support Office</subfield>
    <subfield code="2">unbisn</subfield>
    <subfield code="0">(DHLAUTH)677864</subfield>
  </datafield>
  <datafield tag="610" ind1="2" ind2="7">
    <subfield code="a">UN-Women</subfield>
    <subfield code="2">unbisn</subfield>
    <subfield code="0">(DHLAUTH)785667</subfield>
  </datafield>
  <datafield tag="610" ind1="2" ind2="7">
    <subfield code="a">UN. Special Representative of the Secretary-General on Sexual Violence in Conflict</subfield>
    <subfield code="2">unbisn</subfield>
    <subfield code="0">(DHLAUTH)772939</subfield>
  </datafield>
  <datafield tag="610" ind1="2" ind2="7">
    <subfield code="a">UN-Women</subfield>
    <subfield code="2">unbisn</subfield>
    <subfield code="0">(DHLAUTH)785667</subfield>
  </datafield>
  <datafield tag="610" ind1="2" ind2="7">
    <subfield code="a">UN. Security Council Committee Established pursuant to Resolution 1373 (2001) concerning Counter-Terrorism</subfield>
    <subfield code="2">unbisn</subfield>
    <subfield code="0">(DHLAUTH)612498</subfield>
  </datafield>
  <datafield tag="610" ind1="2" ind2="7">
    <subfield code="a">UN. Security Council Committee Established pursuant to Resolution 1373 (2001) concerning Counter-Terrorism. Executive Directorate</subfield>
    <subfield code="2">unbisn</subfield>
    <subfield code="0">(DHLAUTH)658376</subfield>
  </datafield>
  <datafield tag="610" ind1="2" ind2="7">
    <subfield code="2">unbisn</subfield>
    <subfield code="a">UN. Security Council. Informal Experts Group on Women, Peace and Security</subfield>
    <subfield code="0">(DHLAUTH)877687</subfield>
  </datafield>
  <datafield tag="611" ind1="2" ind2="7">
    <subfield code="a">World Humanitarian Summit (2016 : Istanbul, Turkey)</subfield>
    <subfield code="2">unbisn</subfield>
    <subfield code="0">(DHLAUTH)853933</subfield>
  </datafield>
  <datafield tag="650" ind1="1" ind2="7">
    <subfield code="a">WOMEN'S ADVANCEMENT</subfield>
    <subfield code="2">unbist</subfield>
    <subfield code="0">(DHLAUTH)273158</subfield>
  </datafield>
  <datafield tag="650" ind1="1" ind2="7">
    <subfield code="a">GENDER EQUALITY</subfield>
    <subfield code="2">unbist</subfield>
    <subfield code="0">(DHLAUTH)441178</subfield>
  </datafield>
  <datafield tag="650" ind1="1" ind2="7">
    <subfield code="a">WOMEN IN ARMED CONFLICTS</subfield>
    <subfield code="2">unbist</subfield>
    <subfield code="0">(DHLAUTH)652111</subfield>
  </datafield>
  <datafield tag="650" ind1="1" ind2="7">
    <subfield code="a">RULE OF LAW</subfield>
    <subfield code="2">unbist</subfield>
    <subfield code="0">(DHLAUTH)269279</subfield>
  </datafield>
  <datafield tag="650" ind1="1" ind2="7">
    <subfield code="a">CRIMINAL JUSTICE</subfield>
    <subfield code="2">unbist</subfield>
    <subfield code="0">(DHLAUTH)269126</subfield>
  </datafield>
  <datafield tag="650" ind1="1" ind2="7">
    <subfield code="a">PEACEBUILDING</subfield>
    <subfield code="2">unbist</subfield>
    <subfield code="0">(DHLAUTH)268714</subfield>
  </datafield>
  <datafield tag="650" ind1="2" ind2="7">
    <subfield code="a">WOMEN</subfield>
    <subfield code="2">unbist</subfield>
    <subfield code="0">(DHLAUTH)273032</subfield>
  </datafield>
  <datafield tag="650" ind1="2" ind2="7">
    <subfield code="a">POLITICAL PARTICIPATION</subfield>
    <subfield code="2">unbist</subfield>
    <subfield code="0">(DHLAUTH)268475</subfield>
  </datafield>
  <datafield tag="650" ind1="2" ind2="7">
    <subfield code="a">DECISION-MAKING</subfield>
    <subfield code="2">unbist</subfield>
    <subfield code="0">(DHLAUTH)270223</subfield>
  </datafield>
  <datafield tag="650" ind1="2" ind2="7">
    <subfield code="a">TECHNICAL TRAINING</subfield>
    <subfield code="2">unbist</subfield>
    <subfield code="0">(DHLAUTH)271971</subfield>
  </datafield>
  <datafield tag="650" ind1="2" ind2="7">
    <subfield code="a">CIVIL SOCIETY</subfield>
    <subfield code="2">unbist</subfield>
    <subfield code="0">(DHLAUTH)479996</subfield>
  </datafield>
  <datafield tag="650" ind1="2" ind2="7">
    <subfield code="a">CONFERENCES</subfield>
    <subfield code="2">unbist</subfield>
    <subfield code="0">(DHLAUTH)275758</subfield>
  </datafield>
  <datafield tag="650" ind1="2" ind2="7">
    <subfield code="a">PROGRAMME IMPLEMENTATION</subfield>
    <subfield code="2">unbist</subfield>
    <subfield code="0">(DHLAUTH)275794</subfield>
  </datafield>
  <datafield tag="650" ind1="2" ind2="7">
    <subfield code="a">DEVELOPMENT ASSISTANCE</subfield>
    <subfield code="2">unbist</subfield>
    <subfield code="0">(DHLAUTH)268659</subfield>
  </datafield>
  <datafield tag="650" ind1="2" ind2="7">
    <subfield code="a">GROUPS OF EXPERTS</subfield>
    <subfield code="2">unbist</subfield>
    <subfield code="0">(DHLAUTH)269944</subfield>
  </datafield>
  <datafield tag="650" ind1="2" ind2="7">
    <subfield code="a">SANCTIONS</subfield>
    <subfield code="2">unbist</subfield>
    <subfield code="0">(DHLAUTH)9840</subfield>
  </datafield>
  <datafield tag="650" ind1="2" ind2="7">
    <subfield code="a">PEACEKEEPING OPERATIONS</subfield>
    <subfield code="2">unbist</subfield>
    <subfield code="0">(DHLAUTH)474428</subfield>
  </datafield>
  <datafield tag="650" ind1="2" ind2="7">
    <subfield code="a">PROGRAMME PLANNING</subfield>
    <subfield code="2">unbist</subfield>
    <subfield code="0">(DHLAUTH)275798</subfield>
  </datafield>
  <datafield tag="650" ind1="2" ind2="7">
    <subfield code="a">SEX CRIMES</subfield>
    <subfield code="2">unbist</subfield>
    <subfield code="0">(DHLAUTH)273132</subfield>
  </datafield>
  <datafield tag="650" ind1="2" ind2="7">
    <subfield code="a">CRIME PREVENTION</subfield>
    <subfield code="2">unbist</subfield>
    <subfield code="0">(DHLAUTH)274588</subfield>
  </datafield>
  <datafield tag="650" ind1="2" ind2="7">
    <subfield code="a">COUNTER-TERRORISM</subfield>
    <subfield code="2">unbist</subfield>
    <subfield code="0">(DHLAUTH)268401</subfield>
  </datafield>
  <datafield tag="650" ind1="2" ind2="7">
    <subfield code="a">DATA COLLECTION</subfield>
    <subfield code="2">unbist</subfield>
    <subfield code="0">(DHLAUTH)270174</subfield>
  </datafield>
  <datafield tag="650" ind1="2" ind2="7">
    <subfield code="a">CRIME VICTIMS</subfield>
    <subfield code="2">unbist</subfield>
    <subfield code="0">(DHLAUTH)268385</subfield>
  </datafield>
  <datafield tag="650" ind1="2" ind2="7">
    <subfield code="a">IMPUNITY</subfield>
    <subfield code="2">unbist</subfield>
    <subfield code="0">(DHLAUTH)269413</subfield>
  </datafield>
  <datafield tag="650" ind1="2" ind2="7">
    <subfield code="a">SMALL ARMS</subfield>
    <subfield code="2">unbist</subfield>
    <subfield code="0">(DHLAUTH)476624</subfield>
  </datafield>
  <datafield tag="650" ind1="2" ind2="7">
    <subfield code="a">HUMANITARIAN ASSISTANCE</subfield>
    <subfield code="2">unbist</subfield>
    <subfield code="0">(DHLAUTH)268768</subfield>
  </datafield>
  <datafield tag="710" ind1="2" ind2=" ">
    <subfield code="a">UN. Security Council (70th year : 2015)</subfield>
    <subfield code="0">(DHLAUTH)849106</subfield>
  </datafield>
  <datafield tag="856" ind1="4" ind2=" ">
    <subfield code="y">العربية</subfield>
    <subfield code="9">f9f313c4-2f40-46b0-b136-f7d6f7046406</subfield>
    <subfield code="s">265321</subfield>
    <subfield code="u">https://digitallibrary.un.org/record/807245/files/S_RES_2242_%282015%29-AR.pdf</subfield>
  </datafield>
  <datafield tag="856" ind1="4" ind2=" ">
    <subfield code="y">Other</subfield>
    <subfield code="9">3a9258a1-84c9-41db-aac4-6d97106e4d09</subfield>
    <subfield code="s">356105</subfield>
    <subfield code="u">https://digitallibrary.un.org/record/807245/files/S_RES_2242_%282015%29-DE.pdf</subfield>
  </datafield>
  <datafield tag="856" ind1="4" ind2=" ">
    <subfield code="y">English</subfield>
    <subfield code="9">c089882f-f6d5-4238-b7fb-962bcc534a93</subfield>
    <subfield code="s">262014</subfield>
    <subfield code="u">https://digitallibrary.un.org/record/807245/files/S_RES_2242_%282015%29-EN.pdf</subfield>
  </datafield>
  <datafield tag="856" ind1="4" ind2=" ">
    <subfield code="y">Español</subfield>
    <subfield code="9">7a489db7-7f76-4e85-83bd-c12ba0ae11ec</subfield>
    <subfield code="s">274429</subfield>
    <subfield code="u">https://digitallibrary.un.org/record/807245/files/S_RES_2242_%282015%29-ES.pdf</subfield>
  </datafield>
  <datafield tag="856" ind1="4" ind2=" ">
    <subfield code="y">Français</subfield>
    <subfield code="9">76d1c72a-8a51-4752-923c-a21fb9ca2d9f</subfield>
    <subfield code="s">264949</subfield>
    <subfield code="u">https://digitallibrary.un.org/record/807245/files/S_RES_2242_%282015%29-FR.pdf</subfield>
  </datafield>
  <datafield tag="856" ind1="4" ind2=" ">
    <subfield code="y">Русский</subfield>
    <subfield code="9">fda49152-79f8-4945-baf2-f6269d820f3b</subfield>
    <subfield code="s">337595</subfield>
    <subfield code="u">https://digitallibrary.un.org/record/807245/files/S_RES_2242_%282015%29-RU.pdf</subfield>
  </datafield>
  <datafield tag="856" ind1="4" ind2=" ">
    <subfield code="y">中文</subfield>
    <subfield code="9">19fcc509-1676-4f05-8f5c-a2c22c773ff5</subfield>
    <subfield code="s">256009</subfield>
    <subfield code="u">https://digitallibrary.un.org/record/807245/files/S_RES_2242_%282015%29-ZH.pdf</subfield>
  </datafield>
  <datafield tag="930" ind1=" " ind2=" ">
    <subfield code="a">UNDOC15</subfield>
  </datafield>
  <datafield tag="980" ind1=" " ind2=" ">
    <subfield code="a">BIB</subfield>
  </datafield>
  <datafield tag="981" ind1=" " ind2=" ">
    <subfield code="a">Security Council</subfield>
  </datafield>
  <datafield tag="989" ind1=" " ind2=" ">
    <subfield code="a">Documents and Publications</subfield>
    <subfield code="b">Resolutions and Decisions</subfield>
    <subfield code="c">Resolutions</subfield>
  </datafield>
  <datafield tag="991" ind1="3" ind2=" ">
    <subfield code="a">S/70</subfield>
    <subfield code="b">[201]</subfield>
    <subfield code="d">WOMEN IN ARMED CONFLICTS</subfield>
    <subfield code="z">I</subfield>
    <subfield code="0">(DHLAUTH)861013</subfield>
  </datafield>
  <datafield tag="991" ind1="3" ind2=" ">
    <subfield code="a">S/70</subfield>
    <subfield code="b">[27]</subfield>
    <subfield code="d">PEACEBUILDING</subfield>
    <subfield code="z">I</subfield>
    <subfield code="0">(DHLAUTH)861036</subfield>
  </datafield>
  <datafield tag="992" ind1=" " ind2=" ">
    <subfield code="a">2015-10-13</subfield>
  </datafield>
  <datafield tag="993" ind1="2" ind2=" ">
    <subfield code="a">S/2015/774</subfield>
  </datafield>
  <datafield tag="993" ind1="4" ind2=" ">
    <subfield code="a">S/PV.7533</subfield>
  </datafield>
  <datafield tag="996" ind1=" " ind2=" ">
    <subfield code="a">Adopted unanimously, 7533rd meeting</subfield>
  </datafield>
  <datafield tag="998" ind1=" " ind2=" ">
    <subfield code="a">20151014153000</subfield>
    <subfield code="b">pnser</subfield>
    <subfield code="c">20210712081800</subfield>
    <subfield code="d">sh35cat</subfield>
    <subfield code="x">0x00010000c3cae01a</subfield>
    <subfield code="z">20210712122310</subfield>
  </datafield>
  <datafield tag="999" ind1=" " ind2=" ">
    <subfield code="a">pgu20151216</subfield>
    <subfield code="b">20151216</subfield>
    <subfield code="c">u</subfield>
  </datafield>
  <datafield tag="999" ind1=" " ind2=" ">
    <subfield code="a">pgr20151016</subfield>
    <subfield code="b">20151016</subfield>
    <subfield code="c">r</subfield>
  </datafield>
  <datafield tag="999" ind1=" " ind2=" ">
    <subfield code="a">vvc20151015</subfield>
    <subfield code="b">20151015</subfield>
    <subfield code="c">c</subfield>
  </datafield>
  <datafield tag="999" ind1=" " ind2=" ">
    <subfield code="a">pnq20151014</subfield>
    <subfield code="b">20151014</subfield>
    <subfield code="c">q</subfield>
  </datafield>
  <datafield tag="999" ind1=" " ind2=" ">
    <subfield code="a">vwt20151020</subfield>
    <subfield code="b">20151020</subfield>
    <subfield code="c">t</subfield>
  </datafield>
  <datafield tag="999" ind1=" " ind2=" ">
    <subfield code="a">vvu20230411</subfield>
    <subfield code="b">20230411</subfield>
    <subfield code="c">u</subfield>
  </datafield>
</record>