
<record>
  <controlfield tag="000">00000nam a2200025#a 4500</controlfield>
  <controlfield tag="001">807243</controlfield>
  <controlfield tag="005">20230412115834.0</controlfield>
  <controlfield tag="008">151014s2015    usa    #r     |||1| eng d</controlfield>
  <datafield tag="029" ind1=" " ind2=" ">
    <subfield code="a">JN</subfield>
    <subfield code="b">N1517715 E</subfield>
  </datafield>
  <datafield tag="035" ind1=" " ind2=" ">
    <subfield code="a">(DHL)1066246</subfield>
  </datafield>
  <datafield tag="039" ind1=" " ind2=" ">
    <subfield code="a">DHU</subfield>
  </datafield>
  <datafield tag="040" ind1=" " ind2=" ">
    <subfield code="a">NNUN</subfield>
    <subfield code="b">eng</subfield>
  </datafield>
  <datafield tag="041" ind1=" " ind2=" ">
    <subfield code="a">arachiengfrerusspa</subfield>
  </datafield>
  <datafield tag="049" ind1=" " ind2=" ">
    <subfield code="a">usa</subfield>
  </datafield>
  <datafield tag="089" ind1=" " ind2=" ">
    <subfield code="b">B02</subfield>
  </datafield>
  <datafield tag="091" ind1=" " ind2=" ">
    <subfield code="a">GEN</subfield>
  </datafield>
  <datafield tag="099" ind1=" " ind2=" ">
    <subfield code="a">UNH</subfield>
    <subfield code="b">DHU</subfield>
  </datafield>
  <datafield tag="191" ind1=" " ind2=" ">
    <subfield code="a">S/2015/774</subfield>
    <subfield code="b">S/</subfield>
    <subfield code="c">70</subfield>
    <subfield code="9">X10</subfield>
    <subfield code="q">S2015774</subfield>
    <subfield code="r">S70</subfield>
    <subfield code="0">(DHLAUTH)849927</subfield>
  </datafield>
  <datafield tag="239" ind1="1" ind2="0">
    <subfield code="a">Draft resolution [on women and peace and security]</subfield>
  </datafield>
  <datafield tag="245" ind1="0" ind2="0">
    <subfield code="a">Draft resolution /</subfield>
    <subfield code="c">Albania, Algeria, Andorra, Angola, Argentina, Australia, Austria, Belgium, Bosnia and Herzegovina, Bulgaria, Canada, Chile, Congo, Costa Rica, Croatia, Cyprus, Czech Republic, Denmark, Dominican Republic, Egypt, Equatorial Guinea, Estonia, Finland, France, Georgia, Germany, Greece, Guatemala, Hungary, Iceland, Ireland, Israel, Italy, Jamaica, Japan, Jordan, Kazakhstan, Latvia, Lebanon, Liberia, Liechtenstein, Lithuania, Luxembourg, Malaysia, Monaco, Morocco, Namibia, Netherlands, New Zealand, Norway, Panama, Peru, Poland, Portugal, Qatar, Romania, Senegal, Serbia, Sierra Leone, Slovakia, Slovenia, Spain, Sweden, Switzerland, Thailand, Tunisia, Ukraine, United Arab Emirates, United Kingdom of Great Britain and Northern Ireland, United States of America, Uruguay and Bolivarian Republic of Venezuela</subfield>
  </datafield>
  <datafield tag="260" ind1=" " ind2=" ">
    <subfield code="a">[New York] :</subfield>
    <subfield code="b">UN,</subfield>
    <subfield code="c">12 Oct. 2015</subfield>
  </datafield>
  <datafield tag="269" ind1=" " ind2=" ">
    <subfield code="a">2015-10-12</subfield>
  </datafield>
  <datafield tag="300" ind1=" " ind2=" ">
    <subfield code="a">8 p.</subfield>
  </datafield>
  <datafield tag="610" ind1="2" ind2="7">
    <subfield code="a">UN. Department of Peacekeeping Operations</subfield>
    <subfield code="2">unbist</subfield>
    <subfield code="0">(DHLAUTH)54500</subfield>
  </datafield>
  <datafield tag="610" ind1="2" ind2="7">
    <subfield code="a">UN. Department of Political Affairs</subfield>
    <subfield code="2">unbist</subfield>
    <subfield code="0">(DHLAUTH)196355</subfield>
  </datafield>
  <datafield tag="610" ind1="2" ind2="7">
    <subfield code="a">UN. Peacebuilding Support Office</subfield>
    <subfield code="2">unbist</subfield>
    <subfield code="0">(DHLAUTH)677864</subfield>
  </datafield>
  <datafield tag="610" ind1="2" ind2="7">
    <subfield code="a">UN-Women</subfield>
    <subfield code="2">unbisn</subfield>
    <subfield code="0">(DHLAUTH)785667</subfield>
  </datafield>
  <datafield tag="610" ind1="2" ind2="7">
    <subfield code="a">UN. Special Representative of the Secretary-General on Sexual Violence in Conflict</subfield>
    <subfield code="2">unbisn</subfield>
    <subfield code="0">(DHLAUTH)772939</subfield>
  </datafield>
  <datafield tag="610" ind1="2" ind2="7">
    <subfield code="a">UN-Women</subfield>
    <subfield code="2">unbisn</subfield>
    <subfield code="0">(DHLAUTH)785667</subfield>
  </datafield>
  <datafield tag="610" ind1="2" ind2="7">
    <subfield code="a">UN. Security Council Committee Established pursuant to Resolution 1373 (2001) concerning Counter-Terrorism</subfield>
    <subfield code="2">unbist</subfield>
    <subfield code="0">(DHLAUTH)612498</subfield>
  </datafield>
  <datafield tag="610" ind1="2" ind2="7">
    <subfield code="a">UN. Security Council Committee Established pursuant to Resolution 1373 (2001) concerning Counter-Terrorism. Executive Directorate</subfield>
    <subfield code="2">unbist</subfield>
    <subfield code="0">(DHLAUTH)658376</subfield>
  </datafield>
  <datafield tag="610" ind1="2" ind2="7">
    <subfield code="2">unbisn</subfield>
    <subfield code="a">UN. Security Council. Informal Experts Group on Women, Peace and Security</subfield>
    <subfield code="0">(DHLAUTH)877687</subfield>
  </datafield>
  <datafield tag="611" ind1="2" ind2="7">
    <subfield code="a">World Humanitarian Summit (2016 : Istanbul, Turkey)</subfield>
    <subfield code="2">unbist</subfield>
    <subfield code="0">(DHLAUTH)853933</subfield>
  </datafield>
  <datafield tag="650" ind1="1" ind2="7">
    <subfield code="a">WOMEN'S ADVANCEMENT</subfield>
    <subfield code="2">unbist</subfield>
    <subfield code="0">(DHLAUTH)273158</subfield>
  </datafield>
  <datafield tag="650" ind1="1" ind2="7">
    <subfield code="a">GENDER EQUALITY</subfield>
    <subfield code="2">unbist</subfield>
    <subfield code="0">(DHLAUTH)441178</subfield>
  </datafield>
  <datafield tag="650" ind1="1" ind2="7">
    <subfield code="a">WOMEN IN ARMED CONFLICTS</subfield>
    <subfield code="2">unbist</subfield>
    <subfield code="0">(DHLAUTH)652111</subfield>
  </datafield>
  <datafield tag="650" ind1="1" ind2="7">
    <subfield code="a">RULE OF LAW</subfield>
    <subfield code="2">unbist</subfield>
    <subfield code="0">(DHLAUTH)269279</subfield>
  </datafield>
  <datafield tag="650" ind1="1" ind2="7">
    <subfield code="a">CRIMINAL JUSTICE</subfield>
    <subfield code="2">unbist</subfield>
    <subfield code="0">(DHLAUTH)269126</subfield>
  </datafield>
  <datafield tag="650" ind1="1" ind2="7">
    <subfield code="a">PEACEBUILDING</subfield>
    <subfield code="2">unbist</subfield>
    <subfield code="0">(DHLAUTH)268714</subfield>
  </datafield>
  <datafield tag="650" ind1="2" ind2="7">
    <subfield code="a">WOMEN</subfield>
    <subfield code="2">unbist</subfield>
    <subfield code="0">(DHLAUTH)273032</subfield>
  </datafield>
  <datafield tag="650" ind1="2" ind2="7">
    <subfield code="a">POLITICAL PARTICIPATION</subfield>
    <subfield code="2">unbist</subfield>
    <subfield code="0">(DHLAUTH)268475</subfield>
  </datafield>
  <datafield tag="650" ind1="2" ind2="7">
    <subfield code="a">DECISION-MAKING</subfield>
    <subfield code="2">unbist</subfield>
    <subfield code="0">(DHLAUTH)270223</subfield>
  </datafield>
  <datafield tag="650" ind1="2" ind2="7">
    <subfield code="a">TECHNICAL TRAINING</subfield>
    <subfield code="2">unbist</subfield>
    <subfield code="0">(DHLAUTH)271971</subfield>
  </datafield>
  <datafield tag="650" ind1="2" ind2="7">
    <subfield code="a">CIVIL SOCIETY</subfield>
    <subfield code="2">unbist</subfield>
    <subfield code="0">(DHLAUTH)479996</subfield>
  </datafield>
  <datafield tag="650" ind1="2" ind2="7">
    <subfield code="a">CONFERENCES</subfield>
    <subfield code="2">unbist</subfield>
    <subfield code="0">(DHLAUTH)275758</subfield>
  </datafield>
  <datafield tag="650" ind1="2" ind2="7">
    <subfield code="a">PROGRAMME IMPLEMENTATION</subfield>
    <subfield code="2">unbist</subfield>
    <subfield code="0">(DHLAUTH)275794</subfield>
  </datafield>
  <datafield tag="650" ind1="2" ind2="7">
    <subfield code="a">DEVELOPMENT ASSISTANCE</subfield>
    <subfield code="2">unbist</subfield>
    <subfield code="0">(DHLAUTH)268659</subfield>
  </datafield>
  <datafield tag="650" ind1="2" ind2="7">
    <subfield code="a">GROUPS OF EXPERTS</subfield>
    <subfield code="2">unbist</subfield>
    <subfield code="0">(DHLAUTH)269944</subfield>
  </datafield>
  <datafield tag="650" ind1="2" ind2="7">
    <subfield code="a">SANCTIONS</subfield>
    <subfield code="2">unbist</subfield>
    <subfield code="0">(DHLAUTH)9840</subfield>
  </datafield>
  <datafield tag="650" ind1="2" ind2="7">
    <subfield code="a">PEACEKEEPING OPERATIONS</subfield>
    <subfield code="2">unbist</subfield>
    <subfield code="0">(DHLAUTH)474428</subfield>
  </datafield>
  <datafield tag="650" ind1="2" ind2="7">
    <subfield code="a">PROGRAMME PLANNING</subfield>
    <subfield code="2">unbist</subfield>
    <subfield code="0">(DHLAUTH)275798</subfield>
  </datafield>
  <datafield tag="650" ind1="2" ind2="7">
    <subfield code="a">SEX CRIMES</subfield>
    <subfield code="2">unbist</subfield>
    <subfield code="0">(DHLAUTH)273132</subfield>
  </datafield>
  <datafield tag="650" ind1="2" ind2="7">
    <subfield code="a">CRIME PREVENTION</subfield>
    <subfield code="2">unbist</subfield>
    <subfield code="0">(DHLAUTH)274588</subfield>
  </datafield>
  <datafield tag="650" ind1="2" ind2="7">
    <subfield code="a">COUNTER-TERRORISM</subfield>
    <subfield code="2">unbist</subfield>
    <subfield code="0">(DHLAUTH)268401</subfield>
  </datafield>
  <datafield tag="650" ind1="2" ind2="7">
    <subfield code="a">DATA COLLECTION</subfield>
    <subfield code="2">unbist</subfield>
    <subfield code="0">(DHLAUTH)270174</subfield>
  </datafield>
  <datafield tag="650" ind1="2" ind2="7">
    <subfield code="a">CRIME VICTIMS</subfield>
    <subfield code="2">unbist</subfield>
    <subfield code="0">(DHLAUTH)268385</subfield>
  </datafield>
  <datafield tag="650" ind1="2" ind2="7">
    <subfield code="a">IMPUNITY</subfield>
    <subfield code="2">unbist</subfield>
    <subfield code="0">(DHLAUTH)269413</subfield>
  </datafield>
  <datafield tag="650" ind1="2" ind2="7">
    <subfield code="a">SMALL ARMS</subfield>
    <subfield code="2">unbist</subfield>
    <subfield code="0">(DHLAUTH)476624</subfield>
  </datafield>
  <datafield tag="650" ind1="2" ind2="7">
    <subfield code="a">HUMANITARIAN ASSISTANCE</subfield>
    <subfield code="2">unbist</subfield>
    <subfield code="0">(DHLAUTH)268768</subfield>
  </datafield>
  <datafield tag="710" ind1="2" ind2=" ">
    <subfield code="a">Albania</subfield>
    <subfield code="0">(DHLAUTH)103802</subfield>
  </datafield>
  <datafield tag="710" ind1="2" ind2=" ">
    <subfield code="a">Algeria</subfield>
    <subfield code="0">(DHLAUTH)39601</subfield>
  </datafield>
  <datafield tag="710" ind1="2" ind2=" ">
    <subfield code="a">Andorra</subfield>
    <subfield code="0">(DHLAUTH)228063</subfield>
  </datafield>
  <datafield tag="710" ind1="2" ind2=" ">
    <subfield code="a">Angola</subfield>
    <subfield code="0">(DHLAUTH)71941</subfield>
  </datafield>
  <datafield tag="710" ind1="2" ind2=" ">
    <subfield code="a">Argentina</subfield>
    <subfield code="0">(DHLAUTH)71947</subfield>
  </datafield>
  <datafield tag="710" ind1="2" ind2=" ">
    <subfield code="a">Australia</subfield>
    <subfield code="0">(DHLAUTH)39645</subfield>
  </datafield>
  <datafield tag="710" ind1="2" ind2=" ">
    <subfield code="a">Austria</subfield>
    <subfield code="0">(DHLAUTH)71959</subfield>
  </datafield>
  <datafield tag="710" ind1="2" ind2=" ">
    <subfield code="a">Belgium</subfield>
    <subfield code="0">(DHLAUTH)58943</subfield>
  </datafield>
  <datafield tag="710" ind1="2" ind2=" ">
    <subfield code="a">Bosnia and Herzegovina</subfield>
    <subfield code="0">(DHLAUTH)202549</subfield>
  </datafield>
  <datafield tag="710" ind1="2" ind2=" ">
    <subfield code="a">Bulgaria</subfield>
    <subfield code="0">(DHLAUTH)72007</subfield>
  </datafield>
  <datafield tag="710" ind1="2" ind2=" ">
    <subfield code="a">Canada</subfield>
    <subfield code="0">(DHLAUTH)202233</subfield>
  </datafield>
  <datafield tag="710" ind1="2" ind2=" ">
    <subfield code="a">Chile</subfield>
    <subfield code="0">(DHLAUTH)72077</subfield>
  </datafield>
  <datafield tag="710" ind1="2" ind2=" ">
    <subfield code="a">Congo</subfield>
    <subfield code="0">(DHLAUTH)59541</subfield>
  </datafield>
  <datafield tag="710" ind1="2" ind2=" ">
    <subfield code="a">Costa Rica</subfield>
    <subfield code="0">(DHLAUTH)72125</subfield>
  </datafield>
  <datafield tag="710" ind1="2" ind2=" ">
    <subfield code="a">Croatia</subfield>
    <subfield code="0">(DHLAUTH)202559</subfield>
  </datafield>
  <datafield tag="710" ind1="2" ind2=" ">
    <subfield code="a">Cyprus</subfield>
    <subfield code="0">(DHLAUTH)72141</subfield>
  </datafield>
  <datafield tag="710" ind1="2" ind2=" ">
    <subfield code="a">Czech Republic</subfield>
    <subfield code="0">(DHLAUTH)59647</subfield>
  </datafield>
  <datafield tag="710" ind1="2" ind2=" ">
    <subfield code="a">Denmark</subfield>
    <subfield code="0">(DHLAUTH)72159</subfield>
  </datafield>
  <datafield tag="710" ind1="2" ind2=" ">
    <subfield code="a">Dominican Republic</subfield>
    <subfield code="0">(DHLAUTH)39679</subfield>
  </datafield>
  <datafield tag="710" ind1="2" ind2=" ">
    <subfield code="a">Egypt</subfield>
    <subfield code="0">(DHLAUTH)39685</subfield>
  </datafield>
  <datafield tag="710" ind1="2" ind2=" ">
    <subfield code="a">Equatorial Guinea</subfield>
    <subfield code="0">(DHLAUTH)45185</subfield>
  </datafield>
  <datafield tag="710" ind1="2" ind2=" ">
    <subfield code="a">Estonia</subfield>
    <subfield code="0">(DHLAUTH)190285</subfield>
  </datafield>
  <datafield tag="710" ind1="2" ind2=" ">
    <subfield code="a">Finland</subfield>
    <subfield code="0">(DHLAUTH)59983</subfield>
  </datafield>
  <datafield tag="710" ind1="2" ind2=" ">
    <subfield code="a">France</subfield>
    <subfield code="0">(DHLAUTH)60043</subfield>
  </datafield>
  <datafield tag="710" ind1="2" ind2=" ">
    <subfield code="a">Georgia</subfield>
    <subfield code="0">(DHLAUTH)147846</subfield>
  </datafield>
  <datafield tag="710" ind1="2" ind2=" ">
    <subfield code="a">Germany</subfield>
    <subfield code="0">(DHLAUTH)72242</subfield>
  </datafield>
  <datafield tag="710" ind1="2" ind2=" ">
    <subfield code="a">Greece</subfield>
    <subfield code="0">(DHLAUTH)72263</subfield>
  </datafield>
  <datafield tag="710" ind1="2" ind2=" ">
    <subfield code="a">Guatemala</subfield>
    <subfield code="0">(DHLAUTH)72281</subfield>
  </datafield>
  <datafield tag="710" ind1="2" ind2=" ">
    <subfield code="a">Hungary</subfield>
    <subfield code="0">(DHLAUTH)39715</subfield>
  </datafield>
  <datafield tag="710" ind1="2" ind2=" ">
    <subfield code="a">Iceland</subfield>
    <subfield code="0">(DHLAUTH)72299</subfield>
  </datafield>
  <datafield tag="710" ind1="2" ind2=" ">
    <subfield code="a">Ireland</subfield>
    <subfield code="0">(DHLAUTH)72475</subfield>
  </datafield>
  <datafield tag="710" ind1="2" ind2=" ">
    <subfield code="a">Israel</subfield>
    <subfield code="0">(DHLAUTH)72481</subfield>
  </datafield>
  <datafield tag="710" ind1="2" ind2=" ">
    <subfield code="a">Italy</subfield>
    <subfield code="0">(DHLAUTH)72483</subfield>
  </datafield>
  <datafield tag="710" ind1="2" ind2=" ">
    <subfield code="a">Jamaica</subfield>
    <subfield code="0">(DHLAUTH)72493</subfield>
  </datafield>
  <datafield tag="710" ind1="2" ind2=" ">
    <subfield code="a">Japan</subfield>
    <subfield code="0">(DHLAUTH)39853</subfield>
  </datafield>
  <datafield tag="710" ind1="2" ind2=" ">
    <subfield code="a">Jordan</subfield>
    <subfield code="0">(DHLAUTH)39861</subfield>
  </datafield>
  <datafield tag="710" ind1="2" ind2=" ">
    <subfield code="a">Kazakhstan</subfield>
    <subfield code="0">(DHLAUTH)198897</subfield>
  </datafield>
  <datafield tag="710" ind1="2" ind2=" ">
    <subfield code="a">Latvia</subfield>
    <subfield code="0">(DHLAUTH)190275</subfield>
  </datafield>
  <datafield tag="710" ind1="2" ind2=" ">
    <subfield code="a">Lebanon</subfield>
    <subfield code="0">(DHLAUTH)72545</subfield>
  </datafield>
  <datafield tag="710" ind1="2" ind2=" ">
    <subfield code="a">Liberia</subfield>
    <subfield code="0">(DHLAUTH)72549</subfield>
  </datafield>
  <datafield tag="710" ind1="2" ind2=" ">
    <subfield code="a">Liechtenstein</subfield>
    <subfield code="0">(DHLAUTH)78060</subfield>
  </datafield>
  <datafield tag="710" ind1="2" ind2=" ">
    <subfield code="a">Lithuania</subfield>
    <subfield code="0">(DHLAUTH)190293</subfield>
  </datafield>
  <datafield tag="710" ind1="2" ind2=" ">
    <subfield code="a">Luxembourg</subfield>
    <subfield code="0">(DHLAUTH)39895</subfield>
  </datafield>
  <datafield tag="710" ind1="2" ind2=" ">
    <subfield code="a">Malaysia</subfield>
    <subfield code="0">(DHLAUTH)72557</subfield>
  </datafield>
  <datafield tag="710" ind1="2" ind2=" ">
    <subfield code="a">Monaco</subfield>
    <subfield code="0">(DHLAUTH)239876</subfield>
  </datafield>
  <datafield tag="710" ind1="2" ind2=" ">
    <subfield code="a">Morocco</subfield>
    <subfield code="0">(DHLAUTH)39911</subfield>
  </datafield>
  <datafield tag="710" ind1="2" ind2=" ">
    <subfield code="a">Namibia</subfield>
    <subfield code="0">(DHLAUTH)176083</subfield>
  </datafield>
  <datafield tag="710" ind1="2" ind2=" ">
    <subfield code="a">Netherlands</subfield>
    <subfield code="0">(DHLAUTH)72619</subfield>
  </datafield>
  <datafield tag="710" ind1="2" ind2=" ">
    <subfield code="a">New Zealand</subfield>
    <subfield code="0">(DHLAUTH)39937</subfield>
  </datafield>
  <datafield tag="710" ind1="2" ind2=" ">
    <subfield code="a">Norway</subfield>
    <subfield code="0">(DHLAUTH)72643</subfield>
  </datafield>
  <datafield tag="710" ind1="2" ind2=" ">
    <subfield code="a">Panama</subfield>
    <subfield code="0">(DHLAUTH)40007</subfield>
  </datafield>
  <datafield tag="710" ind1="2" ind2=" ">
    <subfield code="a">Peru</subfield>
    <subfield code="0">(DHLAUTH)40025</subfield>
  </datafield>
  <datafield tag="710" ind1="2" ind2=" ">
    <subfield code="a">Poland</subfield>
    <subfield code="0">(DHLAUTH)72769</subfield>
  </datafield>
  <datafield tag="710" ind1="2" ind2=" ">
    <subfield code="a">Portugal</subfield>
    <subfield code="0">(DHLAUTH)40035</subfield>
  </datafield>
  <datafield tag="710" ind1="2" ind2=" ">
    <subfield code="a">Qatar</subfield>
    <subfield code="0">(DHLAUTH)40037</subfield>
  </datafield>
  <datafield tag="710" ind1="2" ind2=" ">
    <subfield code="a">Romania</subfield>
    <subfield code="0">(DHLAUTH)40047</subfield>
  </datafield>
  <datafield tag="710" ind1="2" ind2=" ">
    <subfield code="a">Senegal</subfield>
    <subfield code="0">(DHLAUTH)72833</subfield>
  </datafield>
  <datafield tag="710" ind1="2" ind2=" ">
    <subfield code="a">Serbia</subfield>
    <subfield code="0">(DHLAUTH)709794</subfield>
  </datafield>
  <datafield tag="710" ind1="2" ind2=" ">
    <subfield code="a">Sierra Leone</subfield>
    <subfield code="0">(DHLAUTH)72839</subfield>
  </datafield>
  <datafield tag="710" ind1="2" ind2=" ">
    <subfield code="a">Slovakia</subfield>
    <subfield code="0">(DHLAUTH)59648</subfield>
  </datafield>
  <datafield tag="710" ind1="2" ind2=" ">
    <subfield code="a">Slovenia</subfield>
    <subfield code="0">(DHLAUTH)202569</subfield>
  </datafield>
  <datafield tag="710" ind1="2" ind2=" ">
    <subfield code="a">Spain</subfield>
    <subfield code="0">(DHLAUTH)72857</subfield>
  </datafield>
  <datafield tag="710" ind1="2" ind2=" ">
    <subfield code="a">Sweden</subfield>
    <subfield code="0">(DHLAUTH)72871</subfield>
  </datafield>
  <datafield tag="710" ind1="2" ind2=" ">
    <subfield code="a">Switzerland</subfield>
    <subfield code="0">(DHLAUTH)72877</subfield>
  </datafield>
  <datafield tag="710" ind1="2" ind2=" ">
    <subfield code="a">Thailand</subfield>
    <subfield code="0">(DHLAUTH)40067</subfield>
  </datafield>
  <datafield tag="710" ind1="2" ind2=" ">
    <subfield code="a">Tunisia</subfield>
    <subfield code="0">(DHLAUTH)62197</subfield>
  </datafield>
  <datafield tag="710" ind1="2" ind2=" ">
    <subfield code="a">Ukraine</subfield>
    <subfield code="0">(DHLAUTH)28897</subfield>
  </datafield>
  <datafield tag="710" ind1="2" ind2=" ">
    <subfield code="a">United Arab Emirates</subfield>
    <subfield code="0">(DHLAUTH)40077</subfield>
  </datafield>
  <datafield tag="710" ind1="2" ind2=" ">
    <subfield code="a">United Kingdom</subfield>
    <subfield code="0">(DHLAUTH)28884</subfield>
  </datafield>
  <datafield tag="710" ind1="2" ind2=" ">
    <subfield code="a">United States</subfield>
    <subfield code="0">(DHLAUTH)28824</subfield>
  </datafield>
  <datafield tag="710" ind1="2" ind2=" ">
    <subfield code="a">Uruguay</subfield>
    <subfield code="0">(DHLAUTH)40099</subfield>
  </datafield>
  <datafield tag="710" ind1="2" ind2=" ">
    <subfield code="a">Venezuela (Bolivarian Republic of)</subfield>
    <subfield code="0">(DHLAUTH)677684</subfield>
  </datafield>
  <datafield tag="856" ind1="4" ind2=" ">
    <subfield code="y">العربية</subfield>
    <subfield code="9">e43b476c-22a8-4a95-9851-e42744e82ec5</subfield>
    <subfield code="s">266820</subfield>
    <subfield code="u">https://digitallibrary.un.org/record/807243/files/S_2015_774-AR.pdf</subfield>
  </datafield>
  <datafield tag="856" ind1="4" ind2=" ">
    <subfield code="y">English</subfield>
    <subfield code="9">50cb9b49-29d4-4e7b-bfe0-8b51cbc0aee7</subfield>
    <subfield code="s">272346</subfield>
    <subfield code="u">https://digitallibrary.un.org/record/807243/files/S_2015_774-EN.pdf</subfield>
  </datafield>
  <datafield tag="856" ind1="4" ind2=" ">
    <subfield code="y">Español</subfield>
    <subfield code="9">6f45c5fb-1ef2-4c7e-a497-f7cf152e7c75</subfield>
    <subfield code="s">272004</subfield>
    <subfield code="u">https://digitallibrary.un.org/record/807243/files/S_2015_774-ES.pdf</subfield>
  </datafield>
  <datafield tag="856" ind1="4" ind2=" ">
    <subfield code="y">Français</subfield>
    <subfield code="9">1a1da38c-ca4b-4d98-907b-77c31cd58b94</subfield>
    <subfield code="s">270134</subfield>
    <subfield code="u">https://digitallibrary.un.org/record/807243/files/S_2015_774-FR.pdf</subfield>
  </datafield>
  <datafield tag="856" ind1="4" ind2=" ">
    <subfield code="y">Русский</subfield>
    <subfield code="9">7c486b77-a393-48ee-a671-daef8a1d1931</subfield>
    <subfield code="s">351804</subfield>
    <subfield code="u">https://digitallibrary.un.org/record/807243/files/S_2015_774-RU.pdf</subfield>
  </datafield>
  <datafield tag="856" ind1="4" ind2=" ">
    <subfield code="y">中文</subfield>
    <subfield code="9">35602519-4590-440a-a79d-08423a6dab36</subfield>
    <subfield code="s">275819</subfield>
    <subfield code="u">https://digitallibrary.un.org/record/807243/files/S_2015_774-ZH.pdf</subfield>
  </datafield>
  <datafield tag="930" ind1=" " ind2=" ">
    <subfield code="a">UNDOC15</subfield>
  </datafield>
  <datafield tag="980" ind1=" " ind2=" ">
    <subfield code="a">BIB</subfield>
  </datafield>
  <datafield tag="981" ind1=" " ind2=" ">
    <subfield code="a">Security Council</subfield>
  </datafield>
  <datafield tag="989" ind1=" " ind2=" ">
    <subfield code="a">Documents and Publications</subfield>
    <subfield code="b">Draft Resolutions and Decisions</subfield>
  </datafield>
  <datafield tag="991" ind1="3" ind2=" ">
    <subfield code="a">S/70</subfield>
    <subfield code="b">[27]</subfield>
    <subfield code="d">PEACEBUILDING</subfield>
    <subfield code="z">I</subfield>
    <subfield code="0">(DHLAUTH)861036</subfield>
  </datafield>
  <datafield tag="991" ind1="3" ind2=" ">
    <subfield code="a">S/70</subfield>
    <subfield code="b">[201]</subfield>
    <subfield code="d">WOMEN IN ARMED CONFLICTS</subfield>
    <subfield code="z">I</subfield>
    <subfield code="0">(DHLAUTH)861013</subfield>
  </datafield>
  <datafield tag="993" ind1="1" ind2=" ">
    <subfield code="a">S/RES/2242(2015)</subfield>
  </datafield>
  <datafield tag="998" ind1=" " ind2=" ">
    <subfield code="a">20151014152800</subfield>
    <subfield code="b">pnser</subfield>
    <subfield code="c">20210712081800</subfield>
    <subfield code="d">sh35cat</subfield>
    <subfield code="x">0x00010000c3cae018</subfield>
    <subfield code="z">20210712122310</subfield>
  </datafield>
  <datafield tag="999" ind1=" " ind2=" ">
    <subfield code="a">pgr20151016</subfield>
    <subfield code="b">20151016</subfield>
    <subfield code="c">r</subfield>
  </datafield>
  <datafield tag="999" ind1=" " ind2=" ">
    <subfield code="a">vvc20151015</subfield>
    <subfield code="b">20151015</subfield>
    <subfield code="c">c</subfield>
  </datafield>
  <datafield tag="999" ind1=" " ind2=" ">
    <subfield code="a">pnq20151014</subfield>
    <subfield code="b">20151014</subfield>
    <subfield code="c">q</subfield>
  </datafield>
  <datafield tag="999" ind1=" " ind2=" ">
    <subfield code="a">vwt20151020</subfield>
    <subfield code="b">20151020</subfield>
    <subfield code="c">t</subfield>
  </datafield>
  <datafield tag="999" ind1=" " ind2=" ">
    <subfield code="a">vvu20230412</subfield>
    <subfield code="b">20230412</subfield>
    <subfield code="c">u</subfield>
  </datafield>
</record>