
<record>
  <controlfield tag="000">00000nam a2200025#a 4500</controlfield>
  <controlfield tag="001">634299</controlfield>
  <controlfield tag="005">20210715120115.0</controlfield>
  <controlfield tag="008">080819s2008    usa    #r     |||1| eng d</controlfield>
  <datafield tag="029" ind1=" " ind2=" ">
    <subfield code="a">JN</subfield>
    <subfield code="b">N0845603 E</subfield>
  </datafield>
  <datafield tag="035" ind1=" " ind2=" ">
    <subfield code="a">D870494X</subfield>
    <subfield code="z">D0356912</subfield>
  </datafield>
  <datafield tag="035" ind1=" " ind2=" ">
    <subfield code="a">(DHL)870494</subfield>
  </datafield>
  <datafield tag="039" ind1=" " ind2=" ">
    <subfield code="a">DHU</subfield>
  </datafield>
  <datafield tag="040" ind1=" " ind2=" ">
    <subfield code="a">NNUN</subfield>
    <subfield code="b">eng</subfield>
  </datafield>
  <datafield tag="041" ind1="0" ind2=" ">
    <subfield code="a">arachiengfrerusspa</subfield>
  </datafield>
  <datafield tag="049" ind1=" " ind2=" ">
    <subfield code="a">usa</subfield>
  </datafield>
  <datafield tag="089" ind1=" " ind2=" ">
    <subfield code="b">B15</subfield>
  </datafield>
  <datafield tag="089" ind1=" " ind2=" ">
    <subfield code="b">B16</subfield>
  </datafield>
  <datafield tag="089" ind1=" " ind2=" ">
    <subfield code="b">B11</subfield>
  </datafield>
  <datafield tag="091" ind1=" " ind2=" ">
    <subfield code="a">GEN</subfield>
  </datafield>
  <datafield tag="099" ind1=" " ind2=" ">
    <subfield code="a">UNH</subfield>
    <subfield code="b">DHU</subfield>
  </datafield>
  <datafield tag="191" ind1=" " ind2=" ">
    <subfield code="a">S/2008/553</subfield>
    <subfield code="b">S/</subfield>
    <subfield code="c">63</subfield>
    <subfield code="9">X00</subfield>
    <subfield code="q">S2008553</subfield>
    <subfield code="r">S63</subfield>
    <subfield code="0">(DHLAUTH)738669</subfield>
  </datafield>
  <datafield tag="245" ind1="1" ind2="0">
    <subfield code="a">Seventeenth progress report of the Secretary-General on the United Nations Mission in Liberia</subfield>
  </datafield>
  <datafield tag="246" ind1="3" ind2="3">
    <subfield code="a">17th progress report of the Secretary-General on the United Nations Mission in Liberia</subfield>
  </datafield>
  <datafield tag="260" ind1=" " ind2=" ">
    <subfield code="a">[New York] :</subfield>
    <subfield code="b">UN,</subfield>
    <subfield code="c">15 Aug. 2008</subfield>
  </datafield>
  <datafield tag="269" ind1=" " ind2=" ">
    <subfield code="a">2008-08-15</subfield>
  </datafield>
  <datafield tag="300" ind1=" " ind2=" ">
    <subfield code="a">21 p. :</subfield>
    <subfield code="b">map, table</subfield>
  </datafield>
  <datafield tag="500" ind1=" " ind2=" ">
    <subfield code="a">Provides an update on major developments in Liberia since the latest report of 19 Mar. 2008 (S/2008/183) and presents recommendations for adjustments to the second phase of the UNMIL drawdown.</subfield>
  </datafield>
  <datafield tag="500" ind1=" " ind2=" ">
    <subfield code="a">"Annex: United Nations Mission in Liberia : military and civilian police strength (as of 1 August 2008)": p. 19-20.</subfield>
  </datafield>
  <datafield tag="500" ind1=" " ind2=" ">
    <subfield code="a">Includes#UN map no. 4211 rev.18: UNMIL deployment August 2008#(Aug. 2008).</subfield>
  </datafield>
  <datafield tag="610" ind1="2" ind2="7">
    <subfield code="a">UN Mission in Liberia</subfield>
    <subfield code="2">unbisn</subfield>
    <subfield code="0">(DHLAUTH)648253</subfield>
  </datafield>
  <datafield tag="610" ind1="2" ind2="7">
    <subfield code="a">Liberia. Armed Forces</subfield>
    <subfield code="2">unbisn</subfield>
    <subfield code="0">(DHLAUTH)256933</subfield>
  </datafield>
  <datafield tag="610" ind1="2" ind2="7">
    <subfield code="a">Liberian National Police</subfield>
    <subfield code="2">unbisn</subfield>
    <subfield code="0">(DHLAUTH)699567</subfield>
  </datafield>
  <datafield tag="610" ind1="2" ind2="7">
    <subfield code="a">UN Mission in Liberia</subfield>
    <subfield code="g">Budget (2008-2009)</subfield>
    <subfield code="2">unbisn</subfield>
    <subfield code="0">(DHLAUTH)745589</subfield>
  </datafield>
  <datafield tag="650" ind1="1" ind2="7">
    <subfield code="a">PEACEKEEPING OPERATIONS</subfield>
    <subfield code="2">unbist</subfield>
    <subfield code="0">(DHLAUTH)474428</subfield>
  </datafield>
  <datafield tag="650" ind1="1" ind2="7">
    <subfield code="a">INTERNAL SECURITY</subfield>
    <subfield code="2">unbist</subfield>
    <subfield code="0">(DHLAUTH)268398</subfield>
  </datafield>
  <datafield tag="650" ind1="1" ind2="7">
    <subfield code="a">MAPS</subfield>
    <subfield code="2">unbist</subfield>
    <subfield code="0">(DHLAUTH)9705</subfield>
  </datafield>
  <datafield tag="650" ind1="1" ind2="7">
    <subfield code="a">LIBERIA</subfield>
    <subfield code="2">unbist</subfield>
    <subfield code="0">(DHLAUTH)273393</subfield>
  </datafield>
  <datafield tag="650" ind1="1" ind2="7">
    <subfield code="a">LIBERIA SITUATION</subfield>
    <subfield code="2">unbist</subfield>
    <subfield code="0">(DHLAUTH)275498</subfield>
  </datafield>
  <datafield tag="650" ind1="2" ind2="7">
    <subfield code="a">ECONOMIC CONDITIONS</subfield>
    <subfield code="2">unbist</subfield>
    <subfield code="0">(DHLAUTH)269719</subfield>
  </datafield>
  <datafield tag="650" ind1="2" ind2="7">
    <subfield code="a">HUMANITARIAN ASSISTANCE</subfield>
    <subfield code="2">unbist</subfield>
    <subfield code="0">(DHLAUTH)268768</subfield>
  </datafield>
  <datafield tag="650" ind1="2" ind2="7">
    <subfield code="a">SECURITY SECTOR REFORM</subfield>
    <subfield code="2">unbist</subfield>
    <subfield code="0">(DHLAUTH)720565</subfield>
  </datafield>
  <datafield tag="650" ind1="2" ind2="7">
    <subfield code="a">ARMED FORCES</subfield>
    <subfield code="2">unbist</subfield>
    <subfield code="0">(DHLAUTH)268825</subfield>
  </datafield>
  <datafield tag="650" ind1="2" ind2="7">
    <subfield code="a">POLICE</subfield>
    <subfield code="2">unbist</subfield>
    <subfield code="0">(DHLAUTH)270025</subfield>
  </datafield>
  <datafield tag="650" ind1="2" ind2="7">
    <subfield code="a">GENDER MAINSTREAMING</subfield>
    <subfield code="2">unbist</subfield>
    <subfield code="0">(DHLAUTH)493524</subfield>
  </datafield>
  <datafield tag="650" ind1="2" ind2="7">
    <subfield code="a">HUMAN RIGHTS</subfield>
    <subfield code="2">unbist</subfield>
    <subfield code="0">(DHLAUTH)274431</subfield>
  </datafield>
  <datafield tag="650" ind1="2" ind2="7">
    <subfield code="a">WOMEN'S ADVANCEMENT</subfield>
    <subfield code="2">unbist</subfield>
    <subfield code="0">(DHLAUTH)273158</subfield>
  </datafield>
  <datafield tag="650" ind1="2" ind2="7">
    <subfield code="a">HIV/AIDS PREVENTION</subfield>
    <subfield code="2">unbist</subfield>
    <subfield code="0">(DHLAUTH)273800</subfield>
  </datafield>
  <datafield tag="650" ind1="2" ind2="7">
    <subfield code="a">PUBLIC INFORMATION</subfield>
    <subfield code="2">unbist</subfield>
    <subfield code="0">(DHLAUTH)268517</subfield>
  </datafield>
  <datafield tag="650" ind1="2" ind2="7">
    <subfield code="a">CODES OF CONDUCT</subfield>
    <subfield code="2">unbist</subfield>
    <subfield code="0">(DHLAUTH)275793</subfield>
  </datafield>
  <datafield tag="650" ind1="2" ind2="7">
    <subfield code="a">STAFF SECURITY</subfield>
    <subfield code="2">unbist</subfield>
    <subfield code="0">(DHLAUTH)268648</subfield>
  </datafield>
  <datafield tag="650" ind1="2" ind2="7">
    <subfield code="a">LAW REFORM</subfield>
    <subfield code="2">unbist</subfield>
    <subfield code="0">(DHLAUTH)269365</subfield>
  </datafield>
  <datafield tag="650" ind1="2" ind2="7">
    <subfield code="a">PRISON REFORM</subfield>
    <subfield code="2">unbist</subfield>
    <subfield code="0">(DHLAUTH)274612</subfield>
  </datafield>
  <datafield tag="710" ind1="2" ind2=" ">
    <subfield code="a">UN. Secretary-General</subfield>
    <subfield code="0">(DHLAUTH)10663</subfield>
  </datafield>
  <datafield tag="856" ind1="4" ind2=" ">
    <subfield code="y">العربية</subfield>
    <subfield code="9">06893671-3b22-4dad-ad2f-4abd90594105</subfield>
    <subfield code="s">791347</subfield>
    <subfield code="u">https://digitallibrary.un.org/record/634299/files/S_2008_553-AR.pdf</subfield>
  </datafield>
  <datafield tag="856" ind1="4" ind2=" ">
    <subfield code="y">English</subfield>
    <subfield code="9">56ee2cdf-b04c-490b-a5c1-2194fa08b56f</subfield>
    <subfield code="s">630364</subfield>
    <subfield code="u">https://digitallibrary.un.org/record/634299/files/S_2008_553-EN.pdf</subfield>
  </datafield>
  <datafield tag="856" ind1="4" ind2=" ">
    <subfield code="y">Español</subfield>
    <subfield code="9">88890bb2-706b-490a-81c4-da5be98484d1</subfield>
    <subfield code="s">641837</subfield>
    <subfield code="u">https://digitallibrary.un.org/record/634299/files/S_2008_553-ES.pdf</subfield>
  </datafield>
  <datafield tag="856" ind1="4" ind2=" ">
    <subfield code="y">Français</subfield>
    <subfield code="9">41fc7423-6a46-45a9-9863-9a8d77e27f9c</subfield>
    <subfield code="s">1080493</subfield>
    <subfield code="u">https://digitallibrary.un.org/record/634299/files/S_2008_553-FR.pdf</subfield>
  </datafield>
  <datafield tag="856" ind1="4" ind2=" ">
    <subfield code="y">Русский</subfield>
    <subfield code="9">c20e10e9-d5b5-42c9-acbc-a234d51d1cb9</subfield>
    <subfield code="s">951391</subfield>
    <subfield code="u">https://digitallibrary.un.org/record/634299/files/S_2008_553-RU.pdf</subfield>
  </datafield>
  <datafield tag="856" ind1="4" ind2=" ">
    <subfield code="y">中文</subfield>
    <subfield code="9">6d11983d-9228-44a7-9b7d-acd55ba844ca</subfield>
    <subfield code="s">824463</subfield>
    <subfield code="u">https://digitallibrary.un.org/record/634299/files/S_2008_553-ZH.pdf</subfield>
  </datafield>
  <datafield tag="930" ind1=" " ind2=" ">
    <subfield code="a">UNDAU08</subfield>
  </datafield>
  <datafield tag="949" ind1=" " ind2=" ">
    <subfield code="9">S/2008/553</subfield>
    <subfield code="b">1574552.2.1</subfield>
    <subfield code="i">1574552</subfield>
    <subfield code="k">uncs</subfield>
    <subfield code="c">c. 1</subfield>
    <subfield code="l">DHL</subfield>
    <subfield code="z">t</subfield>
    <subfield code="m">14day</subfield>
    <subfield code="d">20080819000000</subfield>
  </datafield>
  <datafield tag="949" ind1=" " ind2=" ">
    <subfield code="9">S/2008/553</subfield>
    <subfield code="b">1574555.5.1</subfield>
    <subfield code="i">1574555</subfield>
    <subfield code="k">unss</subfield>
    <subfield code="c">c. 1</subfield>
    <subfield code="l">DHL</subfield>
    <subfield code="z">t</subfield>
    <subfield code="m">14day</subfield>
    <subfield code="d">20080819000000</subfield>
  </datafield>
  <datafield tag="949" ind1=" " ind2=" ">
    <subfield code="9">S/2008/553</subfield>
    <subfield code="b">1574551.1.1</subfield>
    <subfield code="i">1574551</subfield>
    <subfield code="k">unas</subfield>
    <subfield code="c">c. 1</subfield>
    <subfield code="l">DHL</subfield>
    <subfield code="z">t</subfield>
    <subfield code="m">14day</subfield>
    <subfield code="d">20080819000000</subfield>
  </datafield>
  <datafield tag="949" ind1=" " ind2=" ">
    <subfield code="9">S/2008/553</subfield>
    <subfield code="b">1574554.4.1</subfield>
    <subfield code="i">1574554</subfield>
    <subfield code="k">unrs</subfield>
    <subfield code="c">c. 1</subfield>
    <subfield code="l">DHL</subfield>
    <subfield code="z">t</subfield>
    <subfield code="m">14day</subfield>
    <subfield code="d">20080819000000</subfield>
  </datafield>
  <datafield tag="949" ind1=" " ind2=" ">
    <subfield code="9">S/2008/553</subfield>
    <subfield code="b">1574553.3.1</subfield>
    <subfield code="i">1574553</subfield>
    <subfield code="k">unfs</subfield>
    <subfield code="c">c. 1</subfield>
    <subfield code="l">DHL</subfield>
    <subfield code="z">t</subfield>
    <subfield code="m">14day</subfield>
    <subfield code="d">20080819000000</subfield>
  </datafield>
  <datafield tag="949" ind1=" " ind2=" ">
    <subfield code="9">S/2008/553</subfield>
    <subfield code="b">10000008704941</subfield>
    <subfield code="i">1574530</subfield>
    <subfield code="k">unes</subfield>
    <subfield code="c">c. 1</subfield>
    <subfield code="l">DHL</subfield>
    <subfield code="z">t</subfield>
    <subfield code="m">14day</subfield>
    <subfield code="d">20080819000000</subfield>
  </datafield>
  <datafield tag="980" ind1=" " ind2=" ">
    <subfield code="a">BIB</subfield>
  </datafield>
  <datafield tag="981" ind1=" " ind2=" ">
    <subfield code="a">Security Council</subfield>
  </datafield>
  <datafield tag="989" ind1=" " ind2=" ">
    <subfield code="a">Documents and Publications</subfield>
    <subfield code="b">Reports</subfield>
    <subfield code="c">Secretary-General's Reports</subfield>
  </datafield>
  <datafield tag="991" ind1="3" ind2=" ">
    <subfield code="a">S/63</subfield>
    <subfield code="b">[89]</subfield>
    <subfield code="d">LIBERIA SITUATION</subfield>
    <subfield code="z">I0198227</subfield>
    <subfield code="0">(DHLAUTH)738543</subfield>
  </datafield>
  <datafield tag="991" ind1="3" ind2=" ">
    <subfield code="a">S/63</subfield>
    <subfield code="b">[90]</subfield>
    <subfield code="d">UN MISSION IN LIBERIA</subfield>
    <subfield code="z">I0198227</subfield>
    <subfield code="0">(DHLAUTH)738544</subfield>
  </datafield>
  <datafield tag="998" ind1=" " ind2=" ">
    <subfield code="a">20080819085000</subfield>
    <subfield code="b">rtcat</subfield>
    <subfield code="c">20210714154700</subfield>
    <subfield code="d">sh35cat</subfield>
    <subfield code="x">0x00010000c3d5833f</subfield>
    <subfield code="z">20210715124252</subfield>
  </datafield>
  <datafield tag="999" ind1=" " ind2=" ">
    <subfield code="a">TTr20080819</subfield>
    <subfield code="b">20080819</subfield>
    <subfield code="c">r</subfield>
  </datafield>
  <datafield tag="999" ind1=" " ind2=" ">
    <subfield code="a">rtq20080819</subfield>
    <subfield code="b">20080819</subfield>
    <subfield code="c">q</subfield>
  </datafield>
  <datafield tag="999" ind1=" " ind2=" ">
    <subfield code="a">slt20080819</subfield>
    <subfield code="b">20080819</subfield>
    <subfield code="c">t</subfield>
  </datafield>
  <datafield tag="999" ind1=" " ind2=" ">
    <subfield code="a">vwc20080819</subfield>
    <subfield code="b">20080819</subfield>
    <subfield code="c">c</subfield>
  </datafield>
  <datafield tag="999" ind1=" " ind2=" ">
    <subfield code="a">pau20081001</subfield>
    <subfield code="b">20081001</subfield>
    <subfield code="c">u</subfield>
  </datafield>
</record>