
<record>
  <controlfield tag="000">02487cam\\2200457#a\4500</controlfield>
  <controlfield tag="001">515428</controlfield>
  <controlfield tag="005">20191031171406.0</controlfield>
  <controlfield tag="008">040217c2004\\\\usa\\\\\r\\\\\00010\eng\d</controlfield>
  <datafield tag="029" ind1=" " ind2=" ">
    <subfield code="a">JN</subfield>
    <subfield code="b">N0421015 E</subfield>
  </datafield>
  <datafield tag="035" ind1=" " ind2=" ">
    <subfield code="a">D734056X</subfield>
    <subfield code="z">D0303501</subfield>
  </datafield>
  <datafield tag="035" ind1=" " ind2=" ">
    <subfield code="a">(DHL)734056</subfield>
  </datafield>
  <datafield tag="039" ind1=" " ind2=" ">
    <subfield code="a">DHU</subfield>
  </datafield>
  <datafield tag="040" ind1=" " ind2=" ">
    <subfield code="a">NNUN</subfield>
    <subfield code="b">eng</subfield>
  </datafield>
  <datafield tag="041" ind1=" " ind2=" ">
    <subfield code="a">arachiengfrerusspa</subfield>
  </datafield>
  <datafield tag="049" ind1=" " ind2=" ">
    <subfield code="a">USA</subfield>
  </datafield>
  <datafield tag="089" ind1=" " ind2=" ">
    <subfield code="b">B21</subfield>
  </datafield>
  <datafield tag="091" ind1=" " ind2=" ">
    <subfield code="a">GEN</subfield>
  </datafield>
  <datafield tag="099" ind1=" " ind2=" ">
    <subfield code="a">UNH</subfield>
    <subfield code="b">DHU</subfield>
  </datafield>
  <datafield tag="191" ind1=" " ind2=" ">
    <subfield code="0">1140226</subfield>
    <subfield code="a">E/CN.6/2004/NGO/11</subfield>
    <subfield code="b">E/CN.6/</subfield>
    <subfield code="c">48</subfield>
    <subfield code="f">4.1678</subfield>
    <subfield code="q">ECN62004NGO11</subfield>
    <subfield code="r">ECN648</subfield>
  </datafield>
  <datafield tag="239" ind1="1" ind2="0">
    <subfield code="a">Follow-up to the 4th World Conference on Women and to the special session of the General Assembly entitled "Women 2000 : gender equality, development and peace for the 21st century" : implementation of strategic objectives and action in the critical areas of concern and further actions and initiatives : women's equal participation in conflict prevention, management and conflict resolution and in post-conflict peace-building : statement</subfield>
  </datafield>
  <datafield tag="245" ind1="0" ind2="0">
    <subfield code="a">Statement /</subfield>
    <subfield code="c">submitted by United States Committee for UNIFEM</subfield>
  </datafield>
  <datafield tag="260" ind1=" " ind2=" ">
    <subfield code="a">[New York] :</subfield>
    <subfield code="b">UN,</subfield>
    <subfield code="c">14 Jan. 2004</subfield>
  </datafield>
  <datafield tag="269" ind1=" " ind2=" ">
    <subfield code="a">2004-01-14</subfield>
  </datafield>
  <datafield tag="300" ind1=" " ind2=" ">
    <subfield code="a">2 p.</subfield>
  </datafield>
  <datafield tag="610" ind1="2" ind2="7">
    <subfield code="0">869448</subfield>
    <subfield code="2">unbisn</subfield>
    <subfield code="a">UN Development Fund for Women</subfield>
  </datafield>
  <datafield tag="650" ind1="1" ind2="7">
    <subfield code="0">1283088</subfield>
    <subfield code="2">unbist</subfield>
    <subfield code="a">WOMEN'S STATUS</subfield>
  </datafield>
  <datafield tag="650" ind1="1" ind2="7">
    <subfield code="0">1284536</subfield>
    <subfield code="2">unbist</subfield>
    <subfield code="a">POST-CONFLICT RECONSTRUCTION</subfield>
  </datafield>
  <datafield tag="650" ind1="1" ind2="7">
    <subfield code="0">1283087</subfield>
    <subfield code="2">unbist</subfield>
    <subfield code="a">WOMEN'S ADVANCEMENT</subfield>
  </datafield>
  <datafield tag="650" ind1="1" ind2="7">
    <subfield code="0">1284473</subfield>
    <subfield code="2">unbist</subfield>
    <subfield code="a">GENDER MAINSTREAMING</subfield>
  </datafield>
  <datafield tag="650" ind1="2" ind2="7">
    <subfield code="0">1277954</subfield>
    <subfield code="2">unbist</subfield>
    <subfield code="a">PEACEKEEPING OPERATIONS</subfield>
  </datafield>
  <datafield tag="651" ind1="2" ind2="7">
    <subfield code="0">1282186</subfield>
    <subfield code="2">unbist</subfield>
    <subfield code="a">AFGHANISTAN</subfield>
  </datafield>
  <datafield tag="710" ind1="2" ind2=" ">
    <subfield code="0">1116601</subfield>
    <subfield code="a">United States Committee for UNIFEM</subfield>
  </datafield>
  <datafield tag="856" ind1="4" ind2=" ">
    <subfield code="s">129127</subfield>
    <subfield code="u">http://digitallibrary.un.org/record/515428/files/E_CN.6_2004_NGO_11-AR.pdf</subfield>
    <subfield code="y">العربية</subfield>
  </datafield>
  <datafield tag="856" ind1="4" ind2=" ">
    <subfield code="s">167566</subfield>
    <subfield code="u">http://digitallibrary.un.org/record/515428/files/E_CN.6_2004_NGO_11-ZH.pdf</subfield>
    <subfield code="y">中文</subfield>
  </datafield>
  <datafield tag="856" ind1="4" ind2=" ">
    <subfield code="s">26877</subfield>
    <subfield code="u">http://digitallibrary.un.org/record/515428/files/E_CN.6_2004_NGO_11-EN.pdf</subfield>
    <subfield code="y">English</subfield>
  </datafield>
  <datafield tag="856" ind1="4" ind2=" ">
    <subfield code="s">90083</subfield>
    <subfield code="u">http://digitallibrary.un.org/record/515428/files/E_CN.6_2004_NGO_11-FR.pdf</subfield>
    <subfield code="y">Français</subfield>
  </datafield>
  <datafield tag="856" ind1="4" ind2=" ">
    <subfield code="s">130923</subfield>
    <subfield code="u">http://digitallibrary.un.org/record/515428/files/E_CN.6_2004_NGO_11-RU.pdf</subfield>
    <subfield code="y">Русский</subfield>
  </datafield>
  <datafield tag="856" ind1="4" ind2=" ">
    <subfield code="s">103018</subfield>
    <subfield code="u">http://digitallibrary.un.org/record/515428/files/E_CN.6_2004_NGO_11-ES.pdf</subfield>
    <subfield code="y">Español</subfield>
  </datafield>
  <datafield tag="930" ind1=" " ind2=" ">
    <subfield code="a">UNDJA04</subfield>
  </datafield>
  <datafield tag="930" ind1=" " ind2=" ">
    <subfield code="a">UDIQ403</subfield>
    <subfield code="b">4.1678</subfield>
  </datafield>
  <datafield tag="949" ind1=" " ind2=" ">
    <subfield code="9">E/CN.6/2004/NGO/11</subfield>
    <subfield code="b">1196235.2.1</subfield>
    <subfield code="c">c. 1</subfield>
    <subfield code="d">20040216190000</subfield>
    <subfield code="i">1196235</subfield>
    <subfield code="k">uncs</subfield>
    <subfield code="l">DHL</subfield>
    <subfield code="m">14day</subfield>
    <subfield code="z">t</subfield>
  </datafield>
  <datafield tag="949" ind1=" " ind2=" ">
    <subfield code="9">E/CN.6/2004/NGO/11</subfield>
    <subfield code="b">1196236.3.1</subfield>
    <subfield code="c">c. 1</subfield>
    <subfield code="d">20040216190000</subfield>
    <subfield code="i">1196236</subfield>
    <subfield code="k">unfs</subfield>
    <subfield code="l">DHL</subfield>
    <subfield code="m">14day</subfield>
    <subfield code="z">t</subfield>
  </datafield>
  <datafield tag="949" ind1=" " ind2=" ">
    <subfield code="9">E/CN.6/2004/NGO/11</subfield>
    <subfield code="b">1196237.4.1</subfield>
    <subfield code="c">c. 1</subfield>
    <subfield code="d">20040216190000</subfield>
    <subfield code="i">1196237</subfield>
    <subfield code="k">unrs</subfield>
    <subfield code="l">DHL</subfield>
    <subfield code="m">14day</subfield>
    <subfield code="z">t</subfield>
  </datafield>
  <datafield tag="949" ind1=" " ind2=" ">
    <subfield code="9">E/CN.6/2004/NGO/11</subfield>
    <subfield code="b">734056</subfield>
    <subfield code="c">c. 1</subfield>
    <subfield code="d">20040216190000</subfield>
    <subfield code="i">1196233</subfield>
    <subfield code="k">unes</subfield>
    <subfield code="l">DHL</subfield>
    <subfield code="m">14day</subfield>
    <subfield code="z">t</subfield>
  </datafield>
  <datafield tag="949" ind1=" " ind2=" ">
    <subfield code="9">E/CN.6/2004/NGO/11</subfield>
    <subfield code="b">1196234.1.1</subfield>
    <subfield code="c">c. 1</subfield>
    <subfield code="d">20040216190000</subfield>
    <subfield code="i">1196234</subfield>
    <subfield code="k">unas</subfield>
    <subfield code="l">DHL</subfield>
    <subfield code="m">14day</subfield>
    <subfield code="z">t</subfield>
  </datafield>
  <datafield tag="949" ind1=" " ind2=" ">
    <subfield code="9">E/CN.6/2004/NGO/11</subfield>
    <subfield code="b">1196238.5.1</subfield>
    <subfield code="c">c. 1</subfield>
    <subfield code="d">20040216190000</subfield>
    <subfield code="i">1196238</subfield>
    <subfield code="k">unss</subfield>
    <subfield code="l">DHL</subfield>
    <subfield code="m">14day</subfield>
    <subfield code="z">t</subfield>
  </datafield>
  <datafield tag="980" ind1=" " ind2=" ">
    <subfield code="a">BIB</subfield>
  </datafield>
  <datafield tag="981" ind1=" " ind2=" ">
    <subfield code="a">Economic and Social Council</subfield>
  </datafield>
  <datafield tag="989" ind1=" " ind2=" ">
    <subfield code="a">Documents and Publications</subfield>
    <subfield code="b">NGO Written Statements</subfield>
  </datafield>
  <datafield tag="991" ind1=" " ind2=" ">
    <subfield code="a">E/CN.6/2004/1</subfield>
    <subfield code="b">3cii</subfield>
    <subfield code="c">Women's equal participation in conflict prevention, management and conflict resolution and in post-conflict peace-building.</subfield>
    <subfield code="0">(DHLAUTH)656183</subfield>
  </datafield>
  <datafield tag="998" ind1=" " ind2=" ">
    <subfield code="a">20040217060200</subfield>
    <subfield code="b">yccs</subfield>
    <subfield code="c">20160930104500</subfield>
    <subfield code="d">pacat</subfield>
  </datafield>
  <datafield tag="999" ind1=" " ind2=" ">
    <subfield code="a">SLr20040304</subfield>
    <subfield code="b">20040304</subfield>
    <subfield code="c">r</subfield>
  </datafield>
  <datafield tag="999" ind1=" " ind2=" ">
    <subfield code="a">alac20040304</subfield>
    <subfield code="b">20040304</subfield>
    <subfield code="c">c</subfield>
  </datafield>
  <datafield tag="999" ind1=" " ind2=" ">
    <subfield code="a">lcp20040224</subfield>
    <subfield code="b">20040224</subfield>
    <subfield code="c">p</subfield>
  </datafield>
  <datafield tag="999" ind1=" " ind2=" ">
    <subfield code="a">ycq20040217</subfield>
    <subfield code="b">20040217</subfield>
    <subfield code="c">q</subfield>
  </datafield>
</record>