
<record>
  <controlfield tag="000">00433nam a2200205#a 4500</controlfield>
  <controlfield tag="001">644016</controlfield>
  <controlfield tag="005">20221122232202.0</controlfield>
  <controlfield tag="008">081219s2009    usa    #r     |||1| eng d</controlfield>
  <datafield tag="029" ind1=" " ind2=" ">
    <subfield code="a">JN</subfield>
    <subfield code="b">N0848015 E</subfield>
  </datafield>
  <datafield tag="035" ind1=" " ind2=" ">
    <subfield code="a">D880836X</subfield>
    <subfield code="z">D0360181</subfield>
  </datafield>
  <datafield tag="035" ind1=" " ind2=" ">
    <subfield code="a">(DHL)880836</subfield>
  </datafield>
  <datafield tag="039" ind1=" " ind2=" ">
    <subfield code="a">DHU</subfield>
  </datafield>
  <datafield tag="040" ind1=" " ind2=" ">
    <subfield code="a">NNUN</subfield>
    <subfield code="b">eng</subfield>
  </datafield>
  <datafield tag="041" ind1="0" ind2=" ">
    <subfield code="a">arachiengfrerusspa</subfield>
  </datafield>
  <datafield tag="049" ind1=" " ind2=" ">
    <subfield code="a">usa</subfield>
  </datafield>
  <datafield tag="089" ind1=" " ind2=" ">
    <subfield code="b">B01</subfield>
  </datafield>
  <datafield tag="091" ind1=" " ind2=" ">
    <subfield code="a">GEN</subfield>
  </datafield>
  <datafield tag="099" ind1=" " ind2=" ">
    <subfield code="a">UNH</subfield>
    <subfield code="b">DHU</subfield>
  </datafield>
  <datafield tag="191" ind1=" " ind2=" ">
    <subfield code="a">A/RES/63/156</subfield>
    <subfield code="b">A/</subfield>
    <subfield code="c">63</subfield>
    <subfield code="9">G99</subfield>
    <subfield code="q">ARES63156</subfield>
    <subfield code="r">A63</subfield>
    <subfield code="0">(DHLAUTH)741212</subfield>
  </datafield>
  <datafield tag="245" ind1="1" ind2="0">
    <subfield code="a">Trafficking in women and girls :</subfield>
    <subfield code="b">resolution /</subfield>
    <subfield code="c">adopted by the General Assembly</subfield>
  </datafield>
  <datafield tag="260" ind1=" " ind2=" ">
    <subfield code="a">[New York] :</subfield>
    <subfield code="b">UN,</subfield>
    <subfield code="c">27 Jan. 2009</subfield>
  </datafield>
  <datafield tag="269" ind1=" " ind2=" ">
    <subfield code="a">2009-01-27</subfield>
  </datafield>
  <datafield tag="300" ind1=" " ind2=" ">
    <subfield code="a">6 p.</subfield>
  </datafield>
  <datafield tag="500" ind1=" " ind2=" ">
    <subfield code="a">Issued in GAOR, 63rd sess., Suppl. no. 49.</subfield>
  </datafield>
  <datafield tag="610" ind1="2" ind2="7">
    <subfield code="a">UN System</subfield>
    <subfield code="2">unbisn</subfield>
    <subfield code="0">(DHLAUTH)13838</subfield>
  </datafield>
  <datafield tag="630" ind1="0" ind2="7">
    <subfield code="a">UN Convention against Transnational Organized Crime (2000)</subfield>
    <subfield code="2">unbisn</subfield>
    <subfield code="0">(DHLAUTH)467742</subfield>
  </datafield>
  <datafield tag="630" ind1="0" ind2="7">
    <subfield code="a">UN Convention against Transnational Organized Crime (2000). Protocols, etc.</subfield>
    <subfield code="2">unbisn</subfield>
    <subfield code="0">(DHLAUTH)600763</subfield>
  </datafield>
  <datafield tag="630" ind1="0" ind2="7">
    <subfield code="a">Protocol to Prevent, Suppress and Punish Trafficking in Persons, Especially Women and Children, supplementing the United Nations Convention against Transnational Organized Crime (2000)</subfield>
    <subfield code="2">unbisn</subfield>
    <subfield code="0">(DHLAUTH)533630</subfield>
  </datafield>
  <datafield tag="630" ind1="0" ind2="7">
    <subfield code="a">Convention on the Elimination of All Forms of Discrimination against Women (1979)</subfield>
    <subfield code="2">unbisn</subfield>
    <subfield code="0">(DHLAUTH)34473</subfield>
  </datafield>
  <datafield tag="630" ind1="0" ind2="7">
    <subfield code="a">Convention on the Rights of the Child (1989)</subfield>
    <subfield code="2">unbisn</subfield>
    <subfield code="0">(DHLAUTH)44316</subfield>
  </datafield>
  <datafield tag="630" ind1="0" ind2="7">
    <subfield code="a">Convention on the Elimination of All Forms of Discrimination against Women (1979). Protocols, etc., 1999 Oct. 6</subfield>
    <subfield code="2">unbisn</subfield>
    <subfield code="0">(DHLAUTH)267159</subfield>
  </datafield>
  <datafield tag="630" ind1="0" ind2="7">
    <subfield code="a">Convention on the Rights of the Child (1989). Optional Protocol on the Sale of Children, Child Prostitution and Child Pornography</subfield>
    <subfield code="2">unbisn</subfield>
    <subfield code="0">(DHLAUTH)261898</subfield>
  </datafield>
  <datafield tag="630" ind1="0" ind2="7">
    <subfield code="a">Forced Labour Convention (1930)</subfield>
    <subfield code="2">unbisn</subfield>
    <subfield code="0">(DHLAUTH)92652</subfield>
  </datafield>
  <datafield tag="630" ind1="0" ind2="7">
    <subfield code="a">Discrimination (Employment and Occupation) Convention (1958)</subfield>
    <subfield code="2">unbisn</subfield>
    <subfield code="0">(DHLAUTH)42282</subfield>
  </datafield>
  <datafield tag="630" ind1="0" ind2="7">
    <subfield code="a">Worst Forms of Child Labour Convention (1999)</subfield>
    <subfield code="2">unbisn</subfield>
    <subfield code="0">(DHLAUTH)548247</subfield>
  </datafield>
  <datafield tag="650" ind1="1" ind2="7">
    <subfield code="a">TRAFFICKING IN PERSONS</subfield>
    <subfield code="2">unbist</subfield>
    <subfield code="0">(DHLAUTH)610025</subfield>
  </datafield>
  <datafield tag="650" ind1="1" ind2="7">
    <subfield code="a">WOMEN</subfield>
    <subfield code="2">unbist</subfield>
    <subfield code="0">(DHLAUTH)273032</subfield>
  </datafield>
  <datafield tag="650" ind1="1" ind2="7">
    <subfield code="a">GIRLS</subfield>
    <subfield code="2">unbist</subfield>
    <subfield code="0">(DHLAUTH)272930</subfield>
  </datafield>
  <datafield tag="650" ind1="1" ind2="7">
    <subfield code="a">SEX CRIMES</subfield>
    <subfield code="2">unbist</subfield>
    <subfield code="0">(DHLAUTH)273132</subfield>
  </datafield>
  <datafield tag="650" ind1="1" ind2="7">
    <subfield code="a">WOMEN'S RIGHTS</subfield>
    <subfield code="2">unbist</subfield>
    <subfield code="0">(DHLAUTH)273161</subfield>
  </datafield>
  <datafield tag="650" ind1="2" ind2="7">
    <subfield code="a">INTERGOVERNMENTAL ORGANIZATIONS</subfield>
    <subfield code="2">unbist</subfield>
    <subfield code="0">(DHLAUTH)268641</subfield>
  </datafield>
  <datafield tag="650" ind1="2" ind2="7">
    <subfield code="a">NON-GOVERNMENTAL ORGANIZATIONS</subfield>
    <subfield code="2">unbist</subfield>
    <subfield code="0">(DHLAUTH)268665</subfield>
  </datafield>
  <datafield tag="650" ind1="2" ind2="7">
    <subfield code="a">ACCOUNTABILITY</subfield>
    <subfield code="2">unbist</subfield>
    <subfield code="0">(DHLAUTH)269310</subfield>
  </datafield>
  <datafield tag="650" ind1="2" ind2="7">
    <subfield code="a">FORCED PROSTITUTION</subfield>
    <subfield code="2">unbist</subfield>
    <subfield code="0">(DHLAUTH)274464</subfield>
  </datafield>
  <datafield tag="650" ind1="2" ind2="7">
    <subfield code="a">FORCED LABOUR</subfield>
    <subfield code="2">unbist</subfield>
    <subfield code="0">(DHLAUTH)274456</subfield>
  </datafield>
  <datafield tag="650" ind1="2" ind2="7">
    <subfield code="a">GENDER-BASED VIOLENCE</subfield>
    <subfield code="2">unbist</subfield>
    <subfield code="0">(DHLAUTH)276684</subfield>
  </datafield>
  <datafield tag="650" ind1="2" ind2="7">
    <subfield code="a">POVERTY MITIGATION</subfield>
    <subfield code="2">unbist</subfield>
    <subfield code="0">(DHLAUTH)274700</subfield>
  </datafield>
  <datafield tag="650" ind1="2" ind2="7">
    <subfield code="a">GENDER EQUALITY</subfield>
    <subfield code="2">unbist</subfield>
    <subfield code="0">(DHLAUTH)441178</subfield>
  </datafield>
  <datafield tag="650" ind1="2" ind2="7">
    <subfield code="a">FORCED MARRIAGE</subfield>
    <subfield code="2">unbist</subfield>
    <subfield code="0">(DHLAUTH)550306</subfield>
  </datafield>
  <datafield tag="650" ind1="2" ind2="7">
    <subfield code="a">PUNISHMENT</subfield>
    <subfield code="2">unbist</subfield>
    <subfield code="0">(DHLAUTH)269252</subfield>
  </datafield>
  <datafield tag="650" ind1="2" ind2="7">
    <subfield code="a">CRIME VICTIMS</subfield>
    <subfield code="2">unbist</subfield>
    <subfield code="0">(DHLAUTH)268385</subfield>
  </datafield>
  <datafield tag="650" ind1="2" ind2="7">
    <subfield code="a">HUMAN RIGHTS</subfield>
    <subfield code="2">unbist</subfield>
    <subfield code="0">(DHLAUTH)274431</subfield>
  </datafield>
  <datafield tag="650" ind1="2" ind2="7">
    <subfield code="a">RESOURCES ALLOCATION</subfield>
    <subfield code="2">unbist</subfield>
    <subfield code="0">(DHLAUTH)269658</subfield>
  </datafield>
  <datafield tag="650" ind1="2" ind2="7">
    <subfield code="a">CRIME PREVENTION</subfield>
    <subfield code="2">unbist</subfield>
    <subfield code="0">(DHLAUTH)274588</subfield>
  </datafield>
  <datafield tag="650" ind1="2" ind2="7">
    <subfield code="a">EDUCATION</subfield>
    <subfield code="2">unbist</subfield>
    <subfield code="0">(DHLAUTH)268926</subfield>
  </datafield>
  <datafield tag="650" ind1="2" ind2="7">
    <subfield code="a">SEX TOURISM</subfield>
    <subfield code="2">unbist</subfield>
    <subfield code="0">(DHLAUTH)276613</subfield>
  </datafield>
  <datafield tag="650" ind1="2" ind2="7">
    <subfield code="a">TRAINING PROGRAMMES</subfield>
    <subfield code="2">unbist</subfield>
    <subfield code="0">(DHLAUTH)274026</subfield>
  </datafield>
  <datafield tag="650" ind1="2" ind2="7">
    <subfield code="a">SIGNATURES, ACCESSIONS, RATIFICATIONS</subfield>
    <subfield code="2">unbist</subfield>
    <subfield code="0">(DHLAUTH)275982</subfield>
  </datafield>
  <datafield tag="650" ind1="2" ind2="7">
    <subfield code="a">INFORMATION EXCHANGE</subfield>
    <subfield code="2">unbist</subfield>
    <subfield code="0">(DHLAUTH)275144</subfield>
  </datafield>
  <datafield tag="650" ind1="2" ind2="7">
    <subfield code="a">DATA COLLECTION</subfield>
    <subfield code="2">unbist</subfield>
    <subfield code="0">(DHLAUTH)270174</subfield>
  </datafield>
  <datafield tag="650" ind1="2" ind2="7">
    <subfield code="a">CORRUPTION</subfield>
    <subfield code="2">unbist</subfield>
    <subfield code="0">(DHLAUTH)269282</subfield>
  </datafield>
  <datafield tag="650" ind1="2" ind2="7">
    <subfield code="a">LAUNDERING OF FUNDS</subfield>
    <subfield code="2">unbist</subfield>
    <subfield code="0">(DHLAUTH)270157</subfield>
  </datafield>
  <datafield tag="650" ind1="2" ind2="7">
    <subfield code="a">SOCIAL INTEGRATION</subfield>
    <subfield code="2">unbist</subfield>
    <subfield code="0">(DHLAUTH)274706</subfield>
  </datafield>
  <datafield tag="650" ind1="2" ind2="7">
    <subfield code="a">HEALTH CARE DELIVERY</subfield>
    <subfield code="2">unbist</subfield>
    <subfield code="0">(DHLAUTH)273207</subfield>
  </datafield>
  <datafield tag="650" ind1="2" ind2="7">
    <subfield code="a">PSYCHOTHERAPY</subfield>
    <subfield code="2">unbist</subfield>
    <subfield code="0">(DHLAUTH)273769</subfield>
  </datafield>
  <datafield tag="650" ind1="2" ind2="7">
    <subfield code="a">MIGRATION</subfield>
    <subfield code="2">unbist</subfield>
    <subfield code="0">(DHLAUTH)273027</subfield>
  </datafield>
  <datafield tag="650" ind1="2" ind2="7">
    <subfield code="a">LAW ENFORCEMENT OFFICIALS</subfield>
    <subfield code="2">unbist</subfield>
    <subfield code="0">(DHLAUTH)269338</subfield>
  </datafield>
  <datafield tag="650" ind1="2" ind2="7">
    <subfield code="a">CRIMINAL JUSTICE</subfield>
    <subfield code="2">unbist</subfield>
    <subfield code="0">(DHLAUTH)269126</subfield>
  </datafield>
  <datafield tag="650" ind1="2" ind2="7">
    <subfield code="a">WITNESSES</subfield>
    <subfield code="2">unbist</subfield>
    <subfield code="0">(DHLAUTH)269287</subfield>
  </datafield>
  <datafield tag="650" ind1="2" ind2="7">
    <subfield code="a">LEGAL SERVICES</subfield>
    <subfield code="2">unbist</subfield>
    <subfield code="0">(DHLAUTH)269371</subfield>
  </datafield>
  <datafield tag="650" ind1="2" ind2="7">
    <subfield code="a">COMPENSATION</subfield>
    <subfield code="2">unbist</subfield>
    <subfield code="0">(DHLAUTH)269213</subfield>
  </datafield>
  <datafield tag="650" ind1="2" ind2="7">
    <subfield code="a">MASS MEDIA</subfield>
    <subfield code="2">unbist</subfield>
    <subfield code="0">(DHLAUTH)272747</subfield>
  </datafield>
  <datafield tag="650" ind1="2" ind2="7">
    <subfield code="a">INTERNET</subfield>
    <subfield code="2">unbist</subfield>
    <subfield code="0">(DHLAUTH)438931</subfield>
  </datafield>
  <datafield tag="650" ind1="2" ind2="7">
    <subfield code="a">INFORMATION DISSEMINATION</subfield>
    <subfield code="2">unbist</subfield>
    <subfield code="0">(DHLAUTH)275051</subfield>
  </datafield>
  <datafield tag="650" ind1="2" ind2="7">
    <subfield code="a">HUMAN RIGHTS INDICATORS</subfield>
    <subfield code="2">unbist</subfield>
    <subfield code="0">(DHLAUTH)269758</subfield>
  </datafield>
  <datafield tag="650" ind1="2" ind2="7">
    <subfield code="a">SOCIAL RESEARCH</subfield>
    <subfield code="2">unbist</subfield>
    <subfield code="0">(DHLAUTH)269376</subfield>
  </datafield>
  <datafield tag="650" ind1="2" ind2="7">
    <subfield code="a">MANUALS</subfield>
    <subfield code="2">unbist</subfield>
    <subfield code="0">(DHLAUTH)274980</subfield>
  </datafield>
  <datafield tag="650" ind1="2" ind2="7">
    <subfield code="a">HEALTH PERSONNEL</subfield>
    <subfield code="2">unbist</subfield>
    <subfield code="0">(DHLAUTH)273189</subfield>
  </datafield>
  <datafield tag="650" ind1="2" ind2="7">
    <subfield code="a">GENDER MAINSTREAMING</subfield>
    <subfield code="2">unbist</subfield>
    <subfield code="0">(DHLAUTH)493524</subfield>
  </datafield>
  <datafield tag="650" ind1="2" ind2="7">
    <subfield code="a">MILITARY PERSONNEL</subfield>
    <subfield code="2">unbist</subfield>
    <subfield code="0">(DHLAUTH)268838</subfield>
  </datafield>
  <datafield tag="650" ind1="2" ind2="7">
    <subfield code="a">RELIEF PERSONNEL</subfield>
    <subfield code="2">unbist</subfield>
    <subfield code="0">(DHLAUTH)276631</subfield>
  </datafield>
  <datafield tag="650" ind1="2" ind2="7">
    <subfield code="a">WOMEN'S STATUS</subfield>
    <subfield code="2">unbist</subfield>
    <subfield code="0">(DHLAUTH)269378</subfield>
  </datafield>
  <datafield tag="650" ind1="2" ind2="7">
    <subfield code="a">SOCIAL STATISTICS</subfield>
    <subfield code="2">unbist</subfield>
    <subfield code="0">(DHLAUTH)270232</subfield>
  </datafield>
  <datafield tag="710" ind1="2" ind2=" ">
    <subfield code="a">UN. General Assembly (63rd sess. : 2008-2009)</subfield>
    <subfield code="0">(DHLAUTH)642049</subfield>
  </datafield>
  <datafield tag="793" ind1=" " ind2=" ">
    <subfield code="a">PL</subfield>
  </datafield>
  <datafield tag="856" ind1="4" ind2=" ">
    <subfield code="y">العربية</subfield>
    <subfield code="9">46474671-e511-4196-992d-8f01dd2dd678</subfield>
    <subfield code="s">148746</subfield>
    <subfield code="u">https://digitallibrary.un.org/record/644016/files/A_RES_63_156-AR.pdf</subfield>
  </datafield>
  <datafield tag="856" ind1="4" ind2=" ">
    <subfield code="y">Other</subfield>
    <subfield code="9">a44c04c1-ef21-4d9a-8281-4f0d938b29c8</subfield>
    <subfield code="s">58820</subfield>
    <subfield code="u">https://digitallibrary.un.org/record/644016/files/A_RES_63_156-DE.pdf</subfield>
  </datafield>
  <datafield tag="856" ind1="4" ind2=" ">
    <subfield code="y">English</subfield>
    <subfield code="9">5126a90a-9921-469d-846b-092e704ccbcb</subfield>
    <subfield code="s">51626</subfield>
    <subfield code="u">https://digitallibrary.un.org/record/644016/files/A_RES_63_156-EN.pdf</subfield>
  </datafield>
  <datafield tag="856" ind1="4" ind2=" ">
    <subfield code="y">Español</subfield>
    <subfield code="9">0cb2bfb7-1d85-459e-8582-31ac406a2032</subfield>
    <subfield code="s">137326</subfield>
    <subfield code="u">https://digitallibrary.un.org/record/644016/files/A_RES_63_156-ES.pdf</subfield>
  </datafield>
  <datafield tag="856" ind1="4" ind2=" ">
    <subfield code="y">Français</subfield>
    <subfield code="9">a5a36917-b6bc-40c1-b1d6-1361f7262f95</subfield>
    <subfield code="s">58836</subfield>
    <subfield code="u">https://digitallibrary.un.org/record/644016/files/A_RES_63_156-FR.pdf</subfield>
  </datafield>
  <datafield tag="856" ind1="4" ind2=" ">
    <subfield code="y">Русский</subfield>
    <subfield code="9">a8aee611-ee53-4fb7-8cfd-9f884f8846a3</subfield>
    <subfield code="s">243323</subfield>
    <subfield code="u">https://digitallibrary.un.org/record/644016/files/A_RES_63_156-RU.pdf</subfield>
  </datafield>
  <datafield tag="856" ind1="4" ind2=" ">
    <subfield code="y">中文</subfield>
    <subfield code="9">bdf74332-2092-4834-8744-8746170d07ca</subfield>
    <subfield code="s">280785</subfield>
    <subfield code="u">https://digitallibrary.un.org/record/644016/files/A_RES_63_156-ZH.pdf</subfield>
  </datafield>
  <datafield tag="930" ind1=" " ind2=" ">
    <subfield code="a">UNDDE08</subfield>
  </datafield>
  <datafield tag="949" ind1=" " ind2=" ">
    <subfield code="9">A/RES/63/156</subfield>
    <subfield code="b">1613735.1.1</subfield>
    <subfield code="i">1613735</subfield>
    <subfield code="k">unas</subfield>
    <subfield code="c">c. 1</subfield>
    <subfield code="l">DHL</subfield>
    <subfield code="z">t</subfield>
    <subfield code="m">14day</subfield>
    <subfield code="d">20090210000000</subfield>
  </datafield>
  <datafield tag="949" ind1=" " ind2=" ">
    <subfield code="9">A/RES/63/156</subfield>
    <subfield code="b">10000008808361</subfield>
    <subfield code="i">1613629</subfield>
    <subfield code="k">unes</subfield>
    <subfield code="c">c. 1</subfield>
    <subfield code="l">DHL</subfield>
    <subfield code="z">t</subfield>
    <subfield code="m">14day</subfield>
    <subfield code="d">20090210000000</subfield>
  </datafield>
  <datafield tag="949" ind1=" " ind2=" ">
    <subfield code="9">A/RES/63/156</subfield>
    <subfield code="b">1613736.2.1</subfield>
    <subfield code="i">1613736</subfield>
    <subfield code="k">uncs</subfield>
    <subfield code="c">c. 1</subfield>
    <subfield code="l">DHL</subfield>
    <subfield code="z">t</subfield>
    <subfield code="m">14day</subfield>
    <subfield code="d">20090210000000</subfield>
  </datafield>
  <datafield tag="949" ind1=" " ind2=" ">
    <subfield code="9">A/RES/63/156</subfield>
    <subfield code="b">1613737.3.1</subfield>
    <subfield code="i">1613737</subfield>
    <subfield code="k">unfs</subfield>
    <subfield code="c">c. 1</subfield>
    <subfield code="l">DHL</subfield>
    <subfield code="z">t</subfield>
    <subfield code="m">14day</subfield>
    <subfield code="d">20090210000000</subfield>
  </datafield>
  <datafield tag="949" ind1=" " ind2=" ">
    <subfield code="9">A/RES/63/156</subfield>
    <subfield code="b">1613738.4.1</subfield>
    <subfield code="i">1613738</subfield>
    <subfield code="k">unrs</subfield>
    <subfield code="c">c. 1</subfield>
    <subfield code="l">DHL</subfield>
    <subfield code="z">t</subfield>
    <subfield code="m">14day</subfield>
    <subfield code="d">20090210000000</subfield>
  </datafield>
  <datafield tag="949" ind1=" " ind2=" ">
    <subfield code="9">A/RES/63/156</subfield>
    <subfield code="b">1613739.5.1</subfield>
    <subfield code="i">1613739</subfield>
    <subfield code="k">unss</subfield>
    <subfield code="c">c. 1</subfield>
    <subfield code="l">DHL</subfield>
    <subfield code="z">t</subfield>
    <subfield code="m">14day</subfield>
    <subfield code="d">20090210000000</subfield>
  </datafield>
  <datafield tag="980" ind1=" " ind2=" ">
    <subfield code="a">BIB</subfield>
  </datafield>
  <datafield tag="981" ind1=" " ind2=" ">
    <subfield code="a">General Assembly</subfield>
    <subfield code="b">General Assembly Plenary</subfield>
  </datafield>
  <datafield tag="989" ind1=" " ind2=" ">
    <subfield code="a">Documents and Publications</subfield>
    <subfield code="b">Resolutions and Decisions</subfield>
    <subfield code="c">Resolutions</subfield>
  </datafield>
  <datafield tag="991" ind1="1" ind2=" ">
    <subfield code="a">A/63/251</subfield>
    <subfield code="b">56a</subfield>
    <subfield code="c">Advancement of women.</subfield>
    <subfield code="d">WOMEN'S ADVANCEMENT</subfield>
    <subfield code="z">I0163547</subfield>
    <subfield code="0">(DHLAUTH)749241</subfield>
  </datafield>
  <datafield tag="992" ind1=" " ind2=" ">
    <subfield code="a">2008-12-18</subfield>
  </datafield>
  <datafield tag="993" ind1="2" ind2=" ">
    <subfield code="a">A/C.3/63/L.13/Rev.1</subfield>
  </datafield>
  <datafield tag="993" ind1="3" ind2=" ">
    <subfield code="a">A/63/425</subfield>
  </datafield>
  <datafield tag="993" ind1="4" ind2=" ">
    <subfield code="a">A/63/PV.70</subfield>
  </datafield>
  <datafield tag="995" ind1=" " ind2=" ">
    <subfield code="a">Encourages Governments to enhance information-sharing and data-collection capacity as a way of promoting cooperation to combat the trafficking problem; encourages Governments, relevant intergovernmental bodies and international organizations to ensure that military, peacekeeping and humanitarian personnel deployed in conflict, post-conflict and other emergency situations are provided training on conduct that does not promote, facilitate or exploit trafficking in women and girls; requests the Secretary-General to submit to the General Assembly at its 65h sess. a report that compiles successful interventions and strategies, as well as the gaps, in addressing the gender dimensions of the problem of trafficking in persons, and provides recommendations on the strengthening of gender- and age-sensitive approaches within the various aspects of efforts to address trafficking in persons.</subfield>
  </datafield>
  <datafield tag="996" ind1=" " ind2=" ">
    <subfield code="a">Adopted without vote, 70th plenary meeting</subfield>
  </datafield>
  <datafield tag="998" ind1=" " ind2=" ">
    <subfield code="a">20081219120900</subfield>
    <subfield code="b">mhref</subfield>
    <subfield code="c">20220627095100</subfield>
    <subfield code="d">sh35cat</subfield>
    <subfield code="x">0x00010000c71735a0</subfield>
    <subfield code="z">20220627142853</subfield>
  </datafield>
  <datafield tag="999" ind1=" " ind2=" ">
    <subfield code="a">TTr20090210</subfield>
    <subfield code="b">20090210</subfield>
    <subfield code="c">r</subfield>
  </datafield>
  <datafield tag="999" ind1=" " ind2=" ">
    <subfield code="a">bcq20090210</subfield>
    <subfield code="b">20090210</subfield>
    <subfield code="c">q</subfield>
  </datafield>
  <datafield tag="999" ind1=" " ind2=" ">
    <subfield code="a">mhp20081219</subfield>
    <subfield code="b">20081219</subfield>
    <subfield code="c">p</subfield>
  </datafield>
  <datafield tag="999" ind1=" " ind2=" ">
    <subfield code="a">slt20090210</subfield>
    <subfield code="b">20090210</subfield>
    <subfield code="c">t</subfield>
  </datafield>
  <datafield tag="999" ind1=" " ind2=" ">
    <subfield code="a">yllc20090210</subfield>
    <subfield code="b">20090210</subfield>
    <subfield code="c">c</subfield>
  </datafield>
  <datafield tag="999" ind1=" " ind2=" ">
    <subfield code="a">vwu20090211</subfield>
    <subfield code="b">20090211</subfield>
    <subfield code="c">u</subfield>
  </datafield>
  <datafield tag="999" ind1=" " ind2=" ">
    <subfield code="a">vwu20110104</subfield>
    <subfield code="b">20110104</subfield>
    <subfield code="c">u</subfield>
  </datafield>
</record>