
<record>
  <controlfield tag="000">00000nam a2200025#a 4500</controlfield>
  <controlfield tag="001">3968712</controlfield>
  <controlfield tag="005">20220418113603.0</controlfield>
  <controlfield tag="008">220418s2016    usa    #r     |||1| eng d</controlfield>
  <datafield tag="035" ind1=" " ind2=" ">
    <subfield code="a">(DHL)1337154</subfield>
  </datafield>
  <datafield tag="039" ind1=" " ind2=" ">
    <subfield code="a">DHU</subfield>
  </datafield>
  <datafield tag="040" ind1=" " ind2=" ">
    <subfield code="a">NNUN</subfield>
    <subfield code="b">eng</subfield>
  </datafield>
  <datafield tag="041" ind1="0" ind2=" ">
    <subfield code="a">eng</subfield>
  </datafield>
  <datafield tag="049" ind1=" " ind2=" ">
    <subfield code="a">usa</subfield>
  </datafield>
  <datafield tag="089" ind1=" " ind2=" ">
    <subfield code="b">B20</subfield>
  </datafield>
  <datafield tag="091" ind1=" " ind2=" ">
    <subfield code="a">GER</subfield>
  </datafield>
  <datafield tag="099" ind1=" " ind2=" ">
    <subfield code="a">UNH</subfield>
    <subfield code="b">DHU</subfield>
  </datafield>
  <datafield tag="191" ind1=" " ind2=" ">
    <subfield code="a">[ST/DPI/PRESS/]SG/SM/18047</subfield>
    <subfield code="b">ST/DPI/PRESS/SG/SM/</subfield>
    <subfield code="0">(DHLAUTH)437977</subfield>
  </datafield>
  <datafield tag="191" ind1=" " ind2=" ">
    <subfield code="b">***</subfield>
    <subfield code="z">SG/SM/18047</subfield>
    <subfield code="0">(DHLAUTH)325910</subfield>
  </datafield>
  <datafield tag="191" ind1=" " ind2=" ">
    <subfield code="a">[ST/DPI/PRESS/]PKO/603</subfield>
    <subfield code="b">ST/DPI/PRESS/PKO/</subfield>
    <subfield code="0">(DHLAUTH)452556</subfield>
  </datafield>
  <datafield tag="191" ind1=" " ind2=" ">
    <subfield code="b">***</subfield>
    <subfield code="z">PKO/603</subfield>
    <subfield code="0">(DHLAUTH)325910</subfield>
  </datafield>
  <datafield tag="245" ind1="1" ind2="0">
    <subfield code="a">Applauding ministers’ strong focus on women in peacekeeping, Secretary-General welcomes pledges made at defence meeting</subfield>
  </datafield>
  <datafield tag="269" ind1=" " ind2=" ">
    <subfield code="a">2016-09-08</subfield>
  </datafield>
  <datafield tag="700" ind1="1" ind2=" ">
    <subfield code="a">Ban, Ki-moon, 1944-</subfield>
    <subfield code="0">(DHLAUTH)581006</subfield>
  </datafield>
  <datafield tag="710" ind1="2" ind2=" ">
    <subfield code="a">UN. Secretary-General</subfield>
    <subfield code="0">(DHLAUTH)10663</subfield>
  </datafield>
  <datafield tag="830" ind1="0" ind2=" ">
    <subfield code="a">UN Press Release. Secretary-General. Statement</subfield>
    <subfield code="0">(DHLAUTH)901715</subfield>
  </datafield>
  <datafield tag="856" ind1="4" ind2="1">
    <subfield code="3">English</subfield>
    <subfield code="q">HTML</subfield>
    <subfield code="u">https://www.un.org/press/en/2016/sgsm18047.doc.htm</subfield>
  </datafield>
  <datafield tag="930" ind1=" " ind2=" ">
    <subfield code="a">UNDAP22</subfield>
  </datafield>
  <datafield tag="980" ind1=" " ind2=" ">
    <subfield code="a">BIB</subfield>
  </datafield>
  <datafield tag="981" ind1=" " ind2=" ">
    <subfield code="a">Secretariat</subfield>
  </datafield>
  <datafield tag="989" ind1=" " ind2=" ">
    <subfield code="a">Documents and Publications</subfield>
    <subfield code="b">Press Releases</subfield>
  </datafield>
  <datafield tag="998" ind1=" " ind2=" ">
    <subfield code="a">20220418090700</subfield>
    <subfield code="b">mmcat22</subfield>
    <subfield code="x">0x00010000c5f73feb</subfield>
    <subfield code="z">20220418150951</subfield>
  </datafield>
  <datafield tag="999" ind1=" " ind2=" ">
    <subfield code="a">mmc20220418</subfield>
    <subfield code="b">20220418</subfield>
    <subfield code="c">c</subfield>
  </datafield>
</record>