
    <record>
        <controlfield tag="000">00000nam a2200025#a 4500</controlfield>
        <controlfield tag="001">3992555</controlfield>
        <controlfield tag="005">20221215221123.0</controlfield>
        <controlfield tag="008">221031s2022    usa    #r     |||1| eng d</controlfield>
        <datafield tag="029" ind1=" " ind2=" ">
            <subfield code="a">JN</subfield>
            <subfield code="b">N2264259 E</subfield>
        </datafield>
        <datafield tag="035" ind1=" " ind2=" ">
            <subfield code="a">(DHL)1358538</subfield>
        </datafield>
        <datafield tag="039" ind1=" " ind2=" ">
            <subfield code="a">DHU</subfield>
        </datafield>
        <datafield tag="040" ind1=" " ind2=" ">
            <subfield code="a">NNUN</subfield>
            <subfield code="b">eng</subfield>
        </datafield>
        <datafield tag="041" ind1=" " ind2=" ">
            <subfield code="a">eng</subfield>
        </datafield>
        <datafield tag="049" ind1=" " ind2=" ">
            <subfield code="a">usa</subfield>
        </datafield>
        <datafield tag="089" ind1=" " ind2=" ">
            <subfield code="b">B03</subfield>
        </datafield>
        <datafield tag="091" ind1=" " ind2=" ">
            <subfield code="a">PRO</subfield>
        </datafield>
        <datafield tag="099" ind1=" " ind2=" ">
            <subfield code="a">UNH</subfield>
            <subfield code="b">DHU</subfield>
        </datafield>
        <datafield tag="191" ind1=" " ind2=" ">
            <subfield code="a">S/PV.9158 (Resumption 1)</subfield>
            <subfield code="b">S/</subfield>
            <subfield code="c">77</subfield>
            <subfield code="9">X88</subfield>
            <subfield code="0">(DHLAUTH)926023</subfield>
        </datafield>
        <datafield tag="245" ind1="1" ind2="0">
            <subfield code="a">Security Council, 77th year :</subfield>
            <subfield code="b">9158th meeting, Thursday, 20 October 2022, New York</subfield>
        </datafield>
        <datafield tag="260" ind1=" " ind2=" ">
            <subfield code="a">[New York] :</subfield>
            <subfield code="b">UN,</subfield>
            <subfield code="c">2022</subfield>
        </datafield>
        <datafield tag="269" ind1=" " ind2=" ">
            <subfield code="a">2022</subfield>
        </datafield>
        <datafield tag="300" ind1=" " ind2=" ">
            <subfield code="a">53 p.</subfield>
        </datafield>
        <datafield tag="650" ind1="1" ind2="7">
            <subfield code="2">unbist</subfield>
            <subfield code="a">WOMEN</subfield>
            <subfield code="0">(DHLAUTH)273032</subfield>
        </datafield>
        <datafield tag="650" ind1="1" ind2="7">
            <subfield code="2">unbist</subfield>
            <subfield code="a">WOMEN'S ADVANCEMENT</subfield>
            <subfield code="0">(DHLAUTH)273158</subfield>
        </datafield>
        <datafield tag="650" ind1="1" ind2="7">
            <subfield code="2">unbist</subfield>
            <subfield code="a">WOMEN IN ARMED CONFLICTS</subfield>
            <subfield code="0">(DHLAUTH)652111</subfield>
        </datafield>
        <datafield tag="650" ind1="1" ind2="7">
            <subfield code="2">unbist</subfield>
            <subfield code="a">PEACEKEEPING OPERATIONS</subfield>
            <subfield code="0">(DHLAUTH)474428</subfield>
        </datafield>
        <datafield tag="650" ind1="1" ind2="7">
            <subfield code="2">unbist</subfield>
            <subfield code="a">POLITICAL LEADERS</subfield>
            <subfield code="0">(DHLAUTH)605409</subfield>
        </datafield>
        <datafield tag="650" ind1="1" ind2="7">
            <subfield code="2">unbist</subfield>
            <subfield code="a">POLITICAL PARTICIPATION</subfield>
            <subfield code="0">(DHLAUTH)268475</subfield>
        </datafield>
        <datafield tag="650" ind1="1" ind2="7">
            <subfield code="2">unbist</subfield>
            <subfield code="a">GENDER EQUALITY</subfield>
            <subfield code="0">(DHLAUTH)441178</subfield>
        </datafield>
        <datafield tag="650" ind1="1" ind2="7">
            <subfield code="2">unbist</subfield>
            <subfield code="a">WAR PREVENTION</subfield>
            <subfield code="0">(DHLAUTH)268449</subfield>
        </datafield>
        <datafield tag="650" ind1="1" ind2="7">
            <subfield code="a">GENDER-BASED VIOLENCE</subfield>
            <subfield code="2">unbist</subfield>
            <subfield code="0">(DHLAUTH)276684</subfield>
        </datafield>
        <datafield tag="650" ind1="1" ind2="7">
            <subfield code="a">PEACEBUILDING</subfield>
            <subfield code="2">unbist</subfield>
            <subfield code="0">(DHLAUTH)268714</subfield>
        </datafield>
        <datafield tag="856" ind1="4" ind2=" ">
            <subfield code="y">العربية</subfield>
            <subfield code="9">bc3031d3-7e50-419a-8220-5d199cd165c4</subfield>
            <subfield code="s">740913</subfield>
            <subfield code="u">https://digitallibrary.un.org/record/3992555/files/S_PV.9158_%28Resumption_1%29-AR.pdf</subfield>
        </datafield>
        <datafield tag="856" ind1="4" ind2=" ">
            <subfield code="y">中文</subfield>
            <subfield code="9">4b95d88f-5f9a-438f-bbd0-43774ba0c364</subfield>
            <subfield code="s">1178535</subfield>
            <subfield code="u">https://digitallibrary.un.org/record/3992555/files/S_PV.9158_%28Resumption_1%29-ZH.pdf</subfield>
        </datafield>
        <datafield tag="856" ind1="4" ind2=" ">
            <subfield code="y">English</subfield>
            <subfield code="9">d6bad567-c728-4877-a8a2-4aed5d9eba18</subfield>
            <subfield code="s">921075</subfield>
            <subfield code="u">https://digitallibrary.un.org/record/3992555/files/S_PV.9158_%28Resumption_1%29-EN.pdf</subfield>
        </datafield>
        <datafield tag="856" ind1="4" ind2=" ">
            <subfield code="y">Français</subfield>
            <subfield code="9">e4299d66-22c6-4975-96a4-730e2149c405</subfield>
            <subfield code="s">837718</subfield>
            <subfield code="u">https://digitallibrary.un.org/record/3992555/files/S_PV.9158_%28Resumption_1%29-FR.pdf</subfield>
        </datafield>
        <datafield tag="856" ind1="4" ind2=" ">
            <subfield code="y">Русский</subfield>
            <subfield code="9">fde0f2d0-4695-4934-b79e-eafc2da2a2d5</subfield>
            <subfield code="s">1464391</subfield>
            <subfield code="u">https://digitallibrary.un.org/record/3992555/files/S_PV.9158_%28Resumption_1%29-RU.pdf</subfield>
        </datafield>
        <datafield tag="856" ind1="4" ind2=" ">
            <subfield code="y">Español</subfield>
            <subfield code="9">a0a12ef2-41a0-4dd0-a8a6-38b5a822d394</subfield>
            <subfield code="s">858178</subfield>
            <subfield code="u">https://digitallibrary.un.org/record/3992555/files/S_PV.9158_%28Resumption_1%29-ES.pdf</subfield>
        </datafield>
        <datafield tag="930" ind1=" " ind2=" ">
            <subfield code="a">UNDOC22</subfield>
        </datafield>
        <datafield tag="980" ind1=" " ind2=" ">
            <subfield code="a">BIB</subfield>
        </datafield>
        <datafield tag="981" ind1=" " ind2=" ">
            <subfield code="a">Security Council</subfield>
        </datafield>
        <datafield tag="989" ind1=" " ind2=" ">
            <subfield code="a">Documents and Publications</subfield>
            <subfield code="b">Meeting Records</subfield>
            <subfield code="c">Verbatim Records</subfield>
        </datafield>
        <datafield tag="991" ind1="3" ind2=" ">
            <subfield code="a">S/77</subfield>
            <subfield code="b">[201]</subfield>
            <subfield code="d">WOMEN IN ARMED CONFLICTS</subfield>
            <subfield code="z">I</subfield>
            <subfield code="0">(DHLAUTH)926052</subfield>
        </datafield>
        <datafield tag="991" ind1="3" ind2=" ">
            <subfield code="a">S/</subfield>
            <subfield code="b">X</subfield>
            <subfield code="c">Women and peace and security.</subfield>
            <subfield code="0">(DHLAUTH)921724</subfield>
        </datafield>
        <datafield tag="992" ind1=" " ind2=" ">
            <subfield code="a">2022-10-20</subfield>
        </datafield>
        <datafield tag="998" ind1=" " ind2=" ">
            <subfield code="a">20221031073600</subfield>
            <subfield code="b">mmcat22</subfield>
            <subfield code="c">20221215212100</subfield>
            <subfield code="d">vwcat2</subfield>
            <subfield code="x">0x00010000cb8186bc</subfield>
            <subfield code="z">20221216022456</subfield>
        </datafield>
        <datafield tag="999" ind1=" " ind2=" ">
            <subfield code="a">mmq20221031</subfield>
            <subfield code="b">20221031</subfield>
            <subfield code="c">q</subfield>
        </datafield>
        <datafield tag="999" ind1=" " ind2=" ">
            <subfield code="a">arc20221031</subfield>
            <subfield code="b">20221031</subfield>
            <subfield code="c">c</subfield>
        </datafield>
        <datafield tag="999" ind1=" " ind2=" ">
            <subfield code="a">vvr20221031</subfield>
            <subfield code="b">20221031</subfield>
            <subfield code="c">r</subfield>
        </datafield>
        <datafield tag="999" ind1=" " ind2=" ">
            <subfield code="a">vwt20221215</subfield>
            <subfield code="b">20221215</subfield>
            <subfield code="c">t</subfield>
        </datafield>
    </record>