
<record>
  <controlfield tag="000">01490cam\\2200397#a\4500</controlfield>
  <controlfield tag="001">265176</controlfield>
  <controlfield tag="005">20191106113111.0</controlfield>
  <controlfield tag="008">981208c1998\\\\usa\\\\\r\\\\\00010\eng\d</controlfield>
  <datafield tag="029" ind1=" " ind2=" ">
    <subfield code="a">JN</subfield>
    <subfield code="b">N9838047 E</subfield>
  </datafield>
  <datafield tag="035" ind1=" " ind2=" ">
    <subfield code="a">D456780X</subfield>
    <subfield code="z">D0230979</subfield>
  </datafield>
  <datafield tag="035" ind1=" " ind2=" ">
    <subfield code="a">(DHL)456780</subfield>
  </datafield>
  <datafield tag="039" ind1=" " ind2=" ">
    <subfield code="a">DHU</subfield>
  </datafield>
  <datafield tag="040" ind1=" " ind2=" ">
    <subfield code="a">NNUN</subfield>
    <subfield code="b">eng</subfield>
  </datafield>
  <datafield tag="041" ind1=" " ind2=" ">
    <subfield code="a">arachiengfrerusspa</subfield>
  </datafield>
  <datafield tag="049" ind1=" " ind2=" ">
    <subfield code="a">USA</subfield>
  </datafield>
  <datafield tag="089" ind1=" " ind2=" ">
    <subfield code="b">B16</subfield>
  </datafield>
  <datafield tag="091" ind1=" " ind2=" ">
    <subfield code="a">GEN</subfield>
  </datafield>
  <datafield tag="099" ind1=" " ind2=" ">
    <subfield code="a">UNH</subfield>
    <subfield code="b">DHU</subfield>
  </datafield>
  <datafield tag="191" ind1=" " ind2=" ">
    <subfield code="0">1028925</subfield>
    <subfield code="9">G00</subfield>
    <subfield code="a">A/53/722</subfield>
    <subfield code="b">A/</subfield>
    <subfield code="c">53</subfield>
    <subfield code="q">A53722</subfield>
    <subfield code="r">A53</subfield>
  </datafield>
  <datafield tag="245" ind1="1" ind2="0">
    <subfield code="a">Financing of the United Nations Observer Mission in Angola :</subfield>
    <subfield code="b">report of the Advisory Committee on Administrative and Budgetary Questions</subfield>
  </datafield>
  <datafield tag="249" ind1=" " ind2=" ">
    <subfield code="a">Report on the financing of the UN Observer Mission in Angola / Advisory Committee on Administrative and Budgetary Questions</subfield>
  </datafield>
  <datafield tag="260" ind1=" " ind2=" ">
    <subfield code="a">[New York] :</subfield>
    <subfield code="b">UN,</subfield>
    <subfield code="c">3 Dec. 1998</subfield>
  </datafield>
  <datafield tag="269" ind1=" " ind2=" ">
    <subfield code="a">1998-12-03</subfield>
  </datafield>
  <datafield tag="300" ind1=" " ind2=" ">
    <subfield code="a">9 p. :</subfield>
    <subfield code="b">tables</subfield>
  </datafield>
  <datafield tag="610" ind1="2" ind2="4">
    <subfield code="0">1036172</subfield>
    <subfield code="a">UN OBSERVER MISSION IN ANGOLA</subfield>
    <subfield code="g">FINANCING.</subfield>
  </datafield>
  <datafield tag="650" ind1="0" ind2="7">
    <subfield code="0">1277954</subfield>
    <subfield code="2">unbist</subfield>
    <subfield code="a">PEACEKEEPING OPERATIONS</subfield>
  </datafield>
  <datafield tag="650" ind1="0" ind2="7">
    <subfield code="0">1282543</subfield>
    <subfield code="2">unbist</subfield>
    <subfield code="a">FINANCING</subfield>
  </datafield>
  <datafield tag="650" ind1="0" ind2="7">
    <subfield code="0">1283726</subfield>
    <subfield code="2">unbist</subfield>
    <subfield code="a">COSTS</subfield>
  </datafield>
  <datafield tag="650" ind1="0" ind2="7">
    <subfield code="0">1282645</subfield>
    <subfield code="2">unbist</subfield>
    <subfield code="a">STAFFING</subfield>
  </datafield>
  <datafield tag="650" ind1="0" ind2="7">
    <subfield code="0">1278018</subfield>
    <subfield code="2">unbist</subfield>
    <subfield code="a">MILITARY PERSONNEL</subfield>
  </datafield>
  <datafield tag="651" ind1="0" ind2="7">
    <subfield code="0">1282075</subfield>
    <subfield code="2">unbist</subfield>
    <subfield code="a">ANGOLA</subfield>
  </datafield>
  <datafield tag="710" ind1="2" ind2=" ">
    <subfield code="0">1046912</subfield>
    <subfield code="a">UN. Advisory Committee on Administrative and Budgetary Questions (1998 : New York)</subfield>
  </datafield>
  <datafield tag="856" ind1="4" ind2=" ">
    <subfield code="s">93917</subfield>
    <subfield code="u">http://digitallibrary.un.org/record/265176/files/A_53_722-AR.pdf</subfield>
    <subfield code="y">العربية</subfield>
  </datafield>
  <datafield tag="856" ind1="4" ind2=" ">
    <subfield code="s">257322</subfield>
    <subfield code="u">http://digitallibrary.un.org/record/265176/files/A_53_722-ZH.pdf</subfield>
    <subfield code="y">中文</subfield>
  </datafield>
  <datafield tag="856" ind1="4" ind2=" ">
    <subfield code="s">60452</subfield>
    <subfield code="u">http://digitallibrary.un.org/record/265176/files/A_53_722-EN.pdf</subfield>
    <subfield code="y">English</subfield>
  </datafield>
  <datafield tag="856" ind1="4" ind2=" ">
    <subfield code="s">63790</subfield>
    <subfield code="u">http://digitallibrary.un.org/record/265176/files/A_53_722-FR.pdf</subfield>
    <subfield code="y">Français</subfield>
  </datafield>
  <datafield tag="856" ind1="4" ind2=" ">
    <subfield code="s">67154</subfield>
    <subfield code="u">http://digitallibrary.un.org/record/265176/files/A_53_722-RU.pdf</subfield>
    <subfield code="y">Русский</subfield>
  </datafield>
  <datafield tag="856" ind1="4" ind2=" ">
    <subfield code="s">64774</subfield>
    <subfield code="u">http://digitallibrary.un.org/record/265176/files/A_53_722-ES.pdf</subfield>
    <subfield code="y">Español</subfield>
  </datafield>
  <datafield tag="930" ind1=" " ind2=" ">
    <subfield code="a">UNDDE98</subfield>
  </datafield>
  <datafield tag="930" ind1=" " ind2=" ">
    <subfield code="a">UDIQ498</subfield>
  </datafield>
  <datafield tag="930" ind1=" " ind2=" ">
    <subfield code="a">UPDQ499</subfield>
  </datafield>
  <datafield tag="949" ind1=" " ind2=" ">
    <subfield code="9">A/53/722</subfield>
    <subfield code="b">588990.5.1</subfield>
    <subfield code="c">c. 1</subfield>
    <subfield code="d">19981207190000</subfield>
    <subfield code="i">588990</subfield>
    <subfield code="k">unfs</subfield>
    <subfield code="l">DHL</subfield>
    <subfield code="m">vcirc</subfield>
    <subfield code="z">t</subfield>
  </datafield>
  <datafield tag="949" ind1=" " ind2=" ">
    <subfield code="9">A/53/722</subfield>
    <subfield code="b">588992.7.1</subfield>
    <subfield code="c">c. 1</subfield>
    <subfield code="d">19981207190000</subfield>
    <subfield code="i">588992</subfield>
    <subfield code="k">unss</subfield>
    <subfield code="l">DHL</subfield>
    <subfield code="m">vcirc</subfield>
    <subfield code="z">t</subfield>
  </datafield>
  <datafield tag="949" ind1=" " ind2=" ">
    <subfield code="9">A/53/722</subfield>
    <subfield code="b">588988.3.1</subfield>
    <subfield code="c">c. 1</subfield>
    <subfield code="d">19981207190000</subfield>
    <subfield code="i">588988</subfield>
    <subfield code="k">unas</subfield>
    <subfield code="l">DHL</subfield>
    <subfield code="m">vcirc</subfield>
    <subfield code="z">t</subfield>
  </datafield>
  <datafield tag="949" ind1=" " ind2=" ">
    <subfield code="9">A/53/722</subfield>
    <subfield code="b">4567801</subfield>
    <subfield code="c">c. 1</subfield>
    <subfield code="d">19981207190000</subfield>
    <subfield code="i">588985</subfield>
    <subfield code="k">unes</subfield>
    <subfield code="l">DHL</subfield>
    <subfield code="m">vcirc</subfield>
    <subfield code="z">t</subfield>
  </datafield>
  <datafield tag="949" ind1=" " ind2=" ">
    <subfield code="9">A/53/722</subfield>
    <subfield code="b">588987.2.1</subfield>
    <subfield code="c">c. 2</subfield>
    <subfield code="d">19981207190000</subfield>
    <subfield code="i">588987</subfield>
    <subfield code="k">unes</subfield>
    <subfield code="l">DHL</subfield>
    <subfield code="m">vcirc</subfield>
    <subfield code="z">t</subfield>
  </datafield>
  <datafield tag="949" ind1=" " ind2=" ">
    <subfield code="9">A/53/722</subfield>
    <subfield code="b">588991.6.1</subfield>
    <subfield code="c">c. 1</subfield>
    <subfield code="d">19981207190000</subfield>
    <subfield code="i">588991</subfield>
    <subfield code="k">unrs</subfield>
    <subfield code="l">DHL</subfield>
    <subfield code="m">vcirc</subfield>
    <subfield code="z">t</subfield>
  </datafield>
  <datafield tag="949" ind1=" " ind2=" ">
    <subfield code="9">A/53/722</subfield>
    <subfield code="b">588989.4.1</subfield>
    <subfield code="c">c. 1</subfield>
    <subfield code="d">19981207190000</subfield>
    <subfield code="i">588989</subfield>
    <subfield code="k">uncs</subfield>
    <subfield code="l">DHL</subfield>
    <subfield code="m">vcirc</subfield>
    <subfield code="z">t</subfield>
  </datafield>
  <datafield tag="980" ind1=" " ind2=" ">
    <subfield code="a">BIB</subfield>
  </datafield>
  <datafield tag="981" ind1=" " ind2=" ">
    <subfield code="a">General Assembly</subfield>
    <subfield code="b">General Assembly Plenary</subfield>
  </datafield>
  <datafield tag="989" ind1=" " ind2=" ">
    <subfield code="a">Documents and Publications</subfield>
    <subfield code="b">Reports</subfield>
  </datafield>
  <datafield tag="991" ind1="1" ind2=" ">
    <subfield code="a">A/53/251</subfield>
    <subfield code="b">123</subfield>
    <subfield code="c">Financing of the United Nations Angola Verification Mission and the United Nations Observer Mission in Angola.</subfield>
    <subfield code="0">(DHLAUTH)486915</subfield>
  </datafield>
  <datafield tag="991" ind1="1" ind2=" ">
    <subfield code="a">A/53/251</subfield>
    <subfield code="b">123[2]</subfield>
    <subfield code="d">UN OBSERVER MISSION IN ANGOLA--FINANCING</subfield>
    <subfield code="z">I0134626</subfield>
    <subfield code="0">(DHLAUTH)486724</subfield>
  </datafield>
  <datafield tag="998" ind1=" " ind2=" ">
    <subfield code="a">19981207190000</subfield>
    <subfield code="b">ascs</subfield>
    <subfield code="c">20160728064800</subfield>
    <subfield code="d">shkcat</subfield>
  </datafield>
  <datafield tag="999" ind1=" " ind2=" ">
    <subfield code="a">pg</subfield>
    <subfield code="b">19981208</subfield>
    <subfield code="c">r</subfield>
  </datafield>
  <datafield tag="999" ind1=" " ind2=" ">
    <subfield code="a">NS</subfield>
    <subfield code="b">19981208</subfield>
    <subfield code="c">c</subfield>
  </datafield>
  <datafield tag="999" ind1=" " ind2=" ">
    <subfield code="a">as</subfield>
    <subfield code="b">19981208</subfield>
    <subfield code="c">q</subfield>
  </datafield>
  <datafield tag="999" ind1=" " ind2=" ">
    <subfield code="a">TA</subfield>
    <subfield code="b">19981214</subfield>
    <subfield code="c">r</subfield>
  </datafield>
</record>