
<record>
  <controlfield tag="000">01399cam\\2200397#a\4500</controlfield>
  <controlfield tag="001">407561</controlfield>
  <controlfield tag="005">20191106114338.0</controlfield>
  <controlfield tag="008">000214c2000\\\\usa\\\\\r\\\\\00010\eng\d</controlfield>
  <datafield tag="029" ind1=" " ind2=" ">
    <subfield code="a">JN</subfield>
    <subfield code="b">N0024147 E</subfield>
  </datafield>
  <datafield tag="035" ind1=" " ind2=" ">
    <subfield code="a">D607934X</subfield>
    <subfield code="z">D0247472</subfield>
  </datafield>
  <datafield tag="035" ind1=" " ind2=" ">
    <subfield code="a">(DHL)607934</subfield>
  </datafield>
  <datafield tag="039" ind1=" " ind2=" ">
    <subfield code="a">DHU</subfield>
  </datafield>
  <datafield tag="040" ind1=" " ind2=" ">
    <subfield code="a">NNUN</subfield>
    <subfield code="b">eng</subfield>
  </datafield>
  <datafield tag="041" ind1=" " ind2=" ">
    <subfield code="a">arachiengfrerusspa</subfield>
  </datafield>
  <datafield tag="049" ind1=" " ind2=" ">
    <subfield code="a">USA</subfield>
  </datafield>
  <datafield tag="089" ind1=" " ind2=" ">
    <subfield code="b">B15</subfield>
  </datafield>
  <datafield tag="089" ind1=" " ind2=" ">
    <subfield code="b">B16</subfield>
  </datafield>
  <datafield tag="091" ind1=" " ind2=" ">
    <subfield code="a">GEN</subfield>
  </datafield>
  <datafield tag="099" ind1=" " ind2=" ">
    <subfield code="a">UNH</subfield>
    <subfield code="b">DHU</subfield>
  </datafield>
  <datafield tag="191" ind1=" " ind2=" ">
    <subfield code="0">1051900</subfield>
    <subfield code="9">G00</subfield>
    <subfield code="a">A/54/705</subfield>
    <subfield code="b">A/</subfield>
    <subfield code="c">54</subfield>
    <subfield code="f">4.0052</subfield>
    <subfield code="q">A54705</subfield>
    <subfield code="r">A54</subfield>
  </datafield>
  <datafield tag="245" ind1="1" ind2="0">
    <subfield code="a">Financing of the United Nations Mission of Observers in Tajikistan :</subfield>
    <subfield code="b">report of the Secretary-General</subfield>
  </datafield>
  <datafield tag="249" ind1=" " ind2=" ">
    <subfield code="a">Report on the financing of the UN Mission of Observers in Tajikistan / Secretary-General</subfield>
  </datafield>
  <datafield tag="260" ind1=" " ind2=" ">
    <subfield code="a">[New York] :</subfield>
    <subfield code="b">UN,</subfield>
    <subfield code="c">13 Jan. 2000</subfield>
  </datafield>
  <datafield tag="269" ind1=" " ind2=" ">
    <subfield code="a">2000-01-13</subfield>
  </datafield>
  <datafield tag="300" ind1=" " ind2=" ">
    <subfield code="a">13 p. :</subfield>
    <subfield code="b">charts, tables</subfield>
  </datafield>
  <datafield tag="500" ind1=" " ind2=" ">
    <subfield code="a">Covers the period from 1 July 1998 to 30 June 1999.</subfield>
  </datafield>
  <datafield tag="610" ind1="2" ind2="4">
    <subfield code="0">1047223</subfield>
    <subfield code="a">UN Mission of Observers in Tajikistan</subfield>
    <subfield code="g">Budget (1998-1999)</subfield>
  </datafield>
  <datafield tag="610" ind1="2" ind2="4">
    <subfield code="0">998686</subfield>
    <subfield code="a">UN MISSION OF OBSERVERS IN TAJIKISTAN</subfield>
    <subfield code="g">FINANCING.</subfield>
  </datafield>
  <datafield tag="650" ind1="1" ind2="7">
    <subfield code="0">1277954</subfield>
    <subfield code="a">PEACEKEEPING OPERATIONS</subfield>
  </datafield>
  <datafield tag="650" ind1="2" ind2="7">
    <subfield code="0">1278018</subfield>
    <subfield code="a">MILITARY PERSONNEL</subfield>
  </datafield>
  <datafield tag="650" ind1="2" ind2="7">
    <subfield code="0">1284153</subfield>
    <subfield code="2">unbist</subfield>
    <subfield code="a">TAJIKISTAN SITUATION</subfield>
  </datafield>
  <datafield tag="651" ind1="1" ind2="7">
    <subfield code="0">1284052</subfield>
    <subfield code="a">TAJIKISTAN</subfield>
  </datafield>
  <datafield tag="710" ind1="2" ind2=" ">
    <subfield code="0">864434</subfield>
    <subfield code="a">UN. Secretary-General</subfield>
  </datafield>
  <datafield tag="856" ind1="4" ind2=" ">
    <subfield code="s">196188</subfield>
    <subfield code="u">http://digitallibrary.un.org/record/407561/files/A_54_705-AR.pdf</subfield>
    <subfield code="y">العربية</subfield>
  </datafield>
  <datafield tag="856" ind1="4" ind2=" ">
    <subfield code="s">250526</subfield>
    <subfield code="u">http://digitallibrary.un.org/record/407561/files/A_54_705-ZH.pdf</subfield>
    <subfield code="y">中文</subfield>
  </datafield>
  <datafield tag="856" ind1="4" ind2=" ">
    <subfield code="s">43428</subfield>
    <subfield code="u">http://digitallibrary.un.org/record/407561/files/A_54_705-EN.pdf</subfield>
    <subfield code="y">English</subfield>
  </datafield>
  <datafield tag="856" ind1="4" ind2=" ">
    <subfield code="s">115138</subfield>
    <subfield code="u">http://digitallibrary.un.org/record/407561/files/A_54_705-FR.pdf</subfield>
    <subfield code="y">Français</subfield>
  </datafield>
  <datafield tag="856" ind1="4" ind2=" ">
    <subfield code="s">81927</subfield>
    <subfield code="u">http://digitallibrary.un.org/record/407561/files/A_54_705-RU.pdf</subfield>
    <subfield code="y">Русский</subfield>
  </datafield>
  <datafield tag="856" ind1="4" ind2=" ">
    <subfield code="s">115941</subfield>
    <subfield code="u">http://digitallibrary.un.org/record/407561/files/A_54_705-ES.pdf</subfield>
    <subfield code="y">Español</subfield>
  </datafield>
  <datafield tag="930" ind1=" " ind2=" ">
    <subfield code="a">UNDFE00</subfield>
  </datafield>
  <datafield tag="930" ind1=" " ind2=" ">
    <subfield code="a">UPDQ499</subfield>
  </datafield>
  <datafield tag="930" ind1=" " ind2=" ">
    <subfield code="a">UDIQD99</subfield>
    <subfield code="b">4.0052</subfield>
  </datafield>
  <datafield tag="949" ind1=" " ind2=" ">
    <subfield code="9">A/54/705</subfield>
    <subfield code="b">828722.4.1</subfield>
    <subfield code="c">c. 1</subfield>
    <subfield code="d">20000213190000</subfield>
    <subfield code="i">828722</subfield>
    <subfield code="k">uncs</subfield>
    <subfield code="l">DHL</subfield>
    <subfield code="m">14day</subfield>
    <subfield code="z">t</subfield>
  </datafield>
  <datafield tag="949" ind1=" " ind2=" ">
    <subfield code="9">A/54/705</subfield>
    <subfield code="b">828719.1.1</subfield>
    <subfield code="c">c. 1</subfield>
    <subfield code="d">20000213190000</subfield>
    <subfield code="i">828719</subfield>
    <subfield code="k">unes</subfield>
    <subfield code="l">DHL</subfield>
    <subfield code="m">14day</subfield>
    <subfield code="z">t</subfield>
  </datafield>
  <datafield tag="949" ind1=" " ind2=" ">
    <subfield code="9">A/54/705</subfield>
    <subfield code="b">828720.2.1</subfield>
    <subfield code="c">c. 2</subfield>
    <subfield code="d">20000213190000</subfield>
    <subfield code="i">828720</subfield>
    <subfield code="k">unes</subfield>
    <subfield code="l">DHL</subfield>
    <subfield code="m">14day</subfield>
    <subfield code="z">t</subfield>
  </datafield>
  <datafield tag="949" ind1=" " ind2=" ">
    <subfield code="9">A/54/705</subfield>
    <subfield code="b">828721.3.1</subfield>
    <subfield code="c">c. 1</subfield>
    <subfield code="d">20000213190000</subfield>
    <subfield code="i">828721</subfield>
    <subfield code="k">unas</subfield>
    <subfield code="l">DHL</subfield>
    <subfield code="m">14day</subfield>
    <subfield code="z">t</subfield>
  </datafield>
  <datafield tag="949" ind1=" " ind2=" ">
    <subfield code="9">A/54/705</subfield>
    <subfield code="b">828724.6.1</subfield>
    <subfield code="c">c. 1</subfield>
    <subfield code="d">20000213190000</subfield>
    <subfield code="i">828724</subfield>
    <subfield code="k">unrs</subfield>
    <subfield code="l">DHL</subfield>
    <subfield code="m">14day</subfield>
    <subfield code="z">t</subfield>
  </datafield>
  <datafield tag="949" ind1=" " ind2=" ">
    <subfield code="9">A/54/705</subfield>
    <subfield code="b">828725.7.1</subfield>
    <subfield code="c">c. 1</subfield>
    <subfield code="d">20000213190000</subfield>
    <subfield code="i">828725</subfield>
    <subfield code="k">unss</subfield>
    <subfield code="l">DHL</subfield>
    <subfield code="m">14day</subfield>
    <subfield code="z">t</subfield>
  </datafield>
  <datafield tag="949" ind1=" " ind2=" ">
    <subfield code="9">A/54/705</subfield>
    <subfield code="b">828723.5.1</subfield>
    <subfield code="c">c. 1</subfield>
    <subfield code="d">20000213190000</subfield>
    <subfield code="i">828723</subfield>
    <subfield code="k">unfs</subfield>
    <subfield code="l">DHL</subfield>
    <subfield code="m">14day</subfield>
    <subfield code="z">t</subfield>
  </datafield>
  <datafield tag="980" ind1=" " ind2=" ">
    <subfield code="a">BIB</subfield>
  </datafield>
  <datafield tag="981" ind1=" " ind2=" ">
    <subfield code="a">General Assembly</subfield>
    <subfield code="b">General Assembly Plenary</subfield>
  </datafield>
  <datafield tag="989" ind1=" " ind2=" ">
    <subfield code="a">Documents and Publications</subfield>
    <subfield code="b">Reports</subfield>
    <subfield code="c">Secretary-General's Reports</subfield>
  </datafield>
  <datafield tag="991" ind1="1" ind2=" ">
    <subfield code="a">A/54/251</subfield>
    <subfield code="b">141</subfield>
    <subfield code="c">Financing of the United Nations Mission of Observers in Tajikistan.</subfield>
    <subfield code="d">UN MISSION OF OBSERVERS IN TAJIKISTAN--FINANCING</subfield>
    <subfield code="z">I0141076</subfield>
    <subfield code="0">(DHLAUTH)531535</subfield>
  </datafield>
  <datafield tag="998" ind1=" " ind2=" ">
    <subfield code="a">20000213190000</subfield>
    <subfield code="b">ed23</subfield>
    <subfield code="c">20160728064800</subfield>
    <subfield code="d">shkcat</subfield>
  </datafield>
  <datafield tag="999" ind1=" " ind2=" ">
    <subfield code="a">pg</subfield>
    <subfield code="b">20000214</subfield>
    <subfield code="c">r</subfield>
  </datafield>
  <datafield tag="999" ind1=" " ind2=" ">
    <subfield code="a">SL</subfield>
    <subfield code="b">20000214</subfield>
    <subfield code="c">c</subfield>
  </datafield>
  <datafield tag="999" ind1=" " ind2=" ">
    <subfield code="a">et</subfield>
    <subfield code="b">20000214</subfield>
    <subfield code="c">q</subfield>
  </datafield>
  <datafield tag="999" ind1=" " ind2=" ">
    <subfield code="a">TA</subfield>
    <subfield code="b">20000216</subfield>
    <subfield code="c">r</subfield>
  </datafield>
</record>