
<record>
  <controlfield tag="000">00000nam a2200025#a 4500</controlfield>
  <controlfield tag="001">695056</controlfield>
  <controlfield tag="005">20210702151437.0</controlfield>
  <controlfield tag="008">101220s2010    usa    #r     |||1| eng d</controlfield>
  <datafield tag="029" ind1=" " ind2=" ">
    <subfield code="a">JN</subfield>
    <subfield code="b">N1069846 E</subfield>
  </datafield>
  <datafield tag="035" ind1=" " ind2=" ">
    <subfield code="a">D937357X</subfield>
    <subfield code="z">D0377709</subfield>
  </datafield>
  <datafield tag="035" ind1=" " ind2=" ">
    <subfield code="a">(DHL)937357</subfield>
  </datafield>
  <datafield tag="039" ind1=" " ind2=" ">
    <subfield code="a">DHU</subfield>
  </datafield>
  <datafield tag="040" ind1=" " ind2=" ">
    <subfield code="a">NNUN</subfield>
    <subfield code="b">eng</subfield>
  </datafield>
  <datafield tag="041" ind1="0" ind2=" ">
    <subfield code="a">arachiengfrerusspa</subfield>
  </datafield>
  <datafield tag="049" ind1=" " ind2=" ">
    <subfield code="a">usa</subfield>
  </datafield>
  <datafield tag="089" ind1=" " ind2=" ">
    <subfield code="b">B02</subfield>
  </datafield>
  <datafield tag="091" ind1=" " ind2=" ">
    <subfield code="a">GEN</subfield>
  </datafield>
  <datafield tag="099" ind1=" " ind2=" ">
    <subfield code="a">UNH</subfield>
    <subfield code="b">DHU</subfield>
  </datafield>
  <datafield tag="191" ind1=" " ind2=" ">
    <subfield code="a">S/2010/641</subfield>
    <subfield code="b">S/</subfield>
    <subfield code="c">65</subfield>
    <subfield code="9">X10</subfield>
    <subfield code="q">S2010641</subfield>
    <subfield code="r">S65</subfield>
    <subfield code="0">(DHLAUTH)776329</subfield>
  </datafield>
  <datafield tag="239" ind1="1" ind2="0">
    <subfield code="a">Draft resolution [on sexual violence against women and children in situations of armed conflict]</subfield>
  </datafield>
  <datafield tag="245" ind1="0" ind2="0">
    <subfield code="a">Draft resolution /</subfield>
    <subfield code="c">Albania, Argentina, Australia, Austria, Belgium, Benin, Bosnia and Herzegovina, Brazil, Bulgaria, Burkina Faso, Canada, Chile, Colombia, Costa Rica, Croatia, Czech Republic, Democratic Republic of the Congo, Denmark, Djibouti, Estonia, Finland, France, Gabon, Georgia, Germany, Greece, Honduras, Hungary, Iceland, India, Ireland, Israel, Italy, Japan, Lebanon, Liberia, Liechtenstein, Lithuania, Luxembourg, Malta, Mexico, Monaco, Montenegro, Netherlands, New Zealand, Nigeria, Norway,  Panama, Papua New Guinea, Peru, Portugal, Romania, Rwanda, Senegal, Sierra Leone, Slovakia, Slovenia, South Africa, Spain, Sweden, Switzerland, The former Yugoslav Republic of Macedonia, Timor-Leste, Turkey, Uganda, Ukraine, United Kingdom of Great Britain and Northern Ireland and United States of America</subfield>
  </datafield>
  <datafield tag="260" ind1=" " ind2=" ">
    <subfield code="a">[New York] :</subfield>
    <subfield code="b">UN,</subfield>
    <subfield code="c">15 Dec. 2010</subfield>
  </datafield>
  <datafield tag="269" ind1=" " ind2=" ">
    <subfield code="a">2010-12-15</subfield>
  </datafield>
  <datafield tag="300" ind1=" " ind2=" ">
    <subfield code="a">6 p.</subfield>
  </datafield>
  <datafield tag="610" ind1="2" ind2="7">
    <subfield code="a">UN. Special Representative of the Secretary-General on Sexual Violence in Conflict</subfield>
    <subfield code="2">unbisn</subfield>
    <subfield code="0">(DHLAUTH)772939</subfield>
  </datafield>
  <datafield tag="610" ind1="2" ind2="7">
    <subfield code="a">UN. Special Representative of the Secretary-General for Children and Armed Conflict</subfield>
    <subfield code="2">unbisn</subfield>
    <subfield code="0">(DHLAUTH)487289</subfield>
  </datafield>
  <datafield tag="610" ind1="2" ind2="7">
    <subfield code="a">UN. Security Council (63rd year : 2008)</subfield>
    <subfield code="g">Resolutions and decisions</subfield>
    <subfield code="2">unbisn</subfield>
    <subfield code="0">(DHLAUTH)740515</subfield>
  </datafield>
  <datafield tag="630" ind1="0" ind2="7">
    <subfield code="a">UN Action against Sexual Violence in Conflict</subfield>
    <subfield code="2">unbisn</subfield>
    <subfield code="0">(DHLAUTH)770383</subfield>
  </datafield>
  <datafield tag="650" ind1="1" ind2="7">
    <subfield code="a">WOMEN IN ARMED CONFLICTS</subfield>
    <subfield code="2">unbist</subfield>
    <subfield code="0">(DHLAUTH)652111</subfield>
  </datafield>
  <datafield tag="650" ind1="1" ind2="7">
    <subfield code="a">GENDER-BASED VIOLENCE</subfield>
    <subfield code="2">unbist</subfield>
    <subfield code="0">(DHLAUTH)276684</subfield>
  </datafield>
  <datafield tag="650" ind1="1" ind2="7">
    <subfield code="a">PEACEKEEPING OPERATIONS</subfield>
    <subfield code="2">unbist</subfield>
    <subfield code="0">(DHLAUTH)474428</subfield>
  </datafield>
  <datafield tag="650" ind1="1" ind2="7">
    <subfield code="a">PEACEBUILDING</subfield>
    <subfield code="2">unbist</subfield>
    <subfield code="0">(DHLAUTH)268714</subfield>
  </datafield>
  <datafield tag="650" ind1="1" ind2="7">
    <subfield code="a">SEX CRIMES</subfield>
    <subfield code="2">unbist</subfield>
    <subfield code="0">(DHLAUTH)273132</subfield>
  </datafield>
  <datafield tag="650" ind1="1" ind2="7">
    <subfield code="a">CODES OF CONDUCT</subfield>
    <subfield code="2">unbist</subfield>
    <subfield code="0">(DHLAUTH)275793</subfield>
  </datafield>
  <datafield tag="650" ind1="2" ind2="7">
    <subfield code="a">RAPE</subfield>
    <subfield code="2">unbist</subfield>
    <subfield code="0">(DHLAUTH)274502</subfield>
  </datafield>
  <datafield tag="650" ind1="2" ind2="7">
    <subfield code="a">TRAINING PROGRAMMES</subfield>
    <subfield code="2">unbist</subfield>
    <subfield code="0">(DHLAUTH)274026</subfield>
  </datafield>
  <datafield tag="650" ind1="2" ind2="7">
    <subfield code="a">COOPERATION BETWEEN ORGANIZATIONS</subfield>
    <subfield code="2">unbist</subfield>
    <subfield code="0">(DHLAUTH)268652</subfield>
  </datafield>
  <datafield tag="650" ind1="2" ind2="7">
    <subfield code="a">REPORT PREPARATION</subfield>
    <subfield code="2">unbist</subfield>
    <subfield code="0">(DHLAUTH)275139</subfield>
  </datafield>
  <datafield tag="650" ind1="2" ind2="7">
    <subfield code="a">FOCAL POINTS</subfield>
    <subfield code="2">unbist</subfield>
    <subfield code="0">(DHLAUTH)269994</subfield>
  </datafield>
  <datafield tag="650" ind1="2" ind2="7">
    <subfield code="a">CAPACITY BUILDING</subfield>
    <subfield code="2">unbist</subfield>
    <subfield code="0">(DHLAUTH)276636</subfield>
  </datafield>
  <datafield tag="650" ind1="2" ind2="7">
    <subfield code="a">HUMAN RIGHTS IN ARMED CONFLICTS</subfield>
    <subfield code="2">unbist</subfield>
    <subfield code="0">(DHLAUTH)268831</subfield>
  </datafield>
  <datafield tag="650" ind1="2" ind2="7">
    <subfield code="a">COUNTRY TEAMS</subfield>
    <subfield code="2">unbist</subfield>
    <subfield code="0">(DHLAUTH)689845</subfield>
  </datafield>
  <datafield tag="710" ind1="2" ind2=" ">
    <subfield code="a">Albania</subfield>
    <subfield code="9">ms</subfield>
    <subfield code="0">(DHLAUTH)103802</subfield>
  </datafield>
  <datafield tag="710" ind1="2" ind2=" ">
    <subfield code="a">Argentina</subfield>
    <subfield code="9">ms</subfield>
    <subfield code="0">(DHLAUTH)71947</subfield>
  </datafield>
  <datafield tag="710" ind1="2" ind2=" ">
    <subfield code="a">Australia</subfield>
    <subfield code="9">ms</subfield>
    <subfield code="0">(DHLAUTH)39645</subfield>
  </datafield>
  <datafield tag="710" ind1="2" ind2=" ">
    <subfield code="a">Austria</subfield>
    <subfield code="9">ms</subfield>
    <subfield code="0">(DHLAUTH)71959</subfield>
  </datafield>
  <datafield tag="710" ind1="2" ind2=" ">
    <subfield code="a">Belgium</subfield>
    <subfield code="9">ms</subfield>
    <subfield code="0">(DHLAUTH)58943</subfield>
  </datafield>
  <datafield tag="710" ind1="2" ind2=" ">
    <subfield code="a">Benin</subfield>
    <subfield code="9">ms</subfield>
    <subfield code="0">(DHLAUTH)58963</subfield>
  </datafield>
  <datafield tag="710" ind1="2" ind2=" ">
    <subfield code="a">Bosnia and Herzegovina</subfield>
    <subfield code="9">ms</subfield>
    <subfield code="0">(DHLAUTH)202549</subfield>
  </datafield>
  <datafield tag="710" ind1="2" ind2=" ">
    <subfield code="a">Brazil</subfield>
    <subfield code="9">ms</subfield>
    <subfield code="0">(DHLAUTH)59069</subfield>
  </datafield>
  <datafield tag="710" ind1="2" ind2=" ">
    <subfield code="a">Bulgaria</subfield>
    <subfield code="9">ms</subfield>
    <subfield code="0">(DHLAUTH)72007</subfield>
  </datafield>
  <datafield tag="710" ind1="2" ind2=" ">
    <subfield code="a">Burkina Faso</subfield>
    <subfield code="9">ms</subfield>
    <subfield code="0">(DHLAUTH)62746</subfield>
  </datafield>
  <datafield tag="710" ind1="2" ind2=" ">
    <subfield code="a">Canada</subfield>
    <subfield code="9">ms</subfield>
    <subfield code="0">(DHLAUTH)202233</subfield>
  </datafield>
  <datafield tag="710" ind1="2" ind2=" ">
    <subfield code="a">Chile</subfield>
    <subfield code="9">ms</subfield>
    <subfield code="0">(DHLAUTH)72077</subfield>
  </datafield>
  <datafield tag="710" ind1="2" ind2=" ">
    <subfield code="a">Colombia</subfield>
    <subfield code="9">ms</subfield>
    <subfield code="0">(DHLAUTH)72097</subfield>
  </datafield>
  <datafield tag="710" ind1="2" ind2=" ">
    <subfield code="a">Costa Rica</subfield>
    <subfield code="9">ms</subfield>
    <subfield code="0">(DHLAUTH)72125</subfield>
  </datafield>
  <datafield tag="710" ind1="2" ind2=" ">
    <subfield code="a">Croatia</subfield>
    <subfield code="9">ms</subfield>
    <subfield code="0">(DHLAUTH)202559</subfield>
  </datafield>
  <datafield tag="710" ind1="2" ind2=" ">
    <subfield code="a">Czech Republic</subfield>
    <subfield code="0">(DHLAUTH)59647</subfield>
  </datafield>
  <datafield tag="710" ind1="2" ind2=" ">
    <subfield code="a">Democratic Republic of the Congo</subfield>
    <subfield code="9">ms</subfield>
    <subfield code="0">(DHLAUTH)473662</subfield>
  </datafield>
  <datafield tag="710" ind1="2" ind2=" ">
    <subfield code="a">Denmark</subfield>
    <subfield code="9">ms</subfield>
    <subfield code="0">(DHLAUTH)72159</subfield>
  </datafield>
  <datafield tag="710" ind1="2" ind2=" ">
    <subfield code="a">Djibouti</subfield>
    <subfield code="9">ms</subfield>
    <subfield code="0">(DHLAUTH)39675</subfield>
  </datafield>
  <datafield tag="710" ind1="2" ind2=" ">
    <subfield code="a">Estonia</subfield>
    <subfield code="9">ms</subfield>
    <subfield code="0">(DHLAUTH)190285</subfield>
  </datafield>
  <datafield tag="710" ind1="2" ind2=" ">
    <subfield code="a">Finland</subfield>
    <subfield code="9">ms</subfield>
    <subfield code="0">(DHLAUTH)59983</subfield>
  </datafield>
  <datafield tag="710" ind1="2" ind2=" ">
    <subfield code="a">France</subfield>
    <subfield code="9">ms</subfield>
    <subfield code="0">(DHLAUTH)60043</subfield>
  </datafield>
  <datafield tag="710" ind1="2" ind2=" ">
    <subfield code="a">Gabon</subfield>
    <subfield code="9">ms</subfield>
    <subfield code="0">(DHLAUTH)72237</subfield>
  </datafield>
  <datafield tag="710" ind1="2" ind2=" ">
    <subfield code="a">Georgia</subfield>
    <subfield code="9">ms</subfield>
    <subfield code="0">(DHLAUTH)147846</subfield>
  </datafield>
  <datafield tag="710" ind1="2" ind2=" ">
    <subfield code="a">Germany</subfield>
    <subfield code="9">ms</subfield>
    <subfield code="0">(DHLAUTH)72242</subfield>
  </datafield>
  <datafield tag="710" ind1="2" ind2=" ">
    <subfield code="a">Greece</subfield>
    <subfield code="9">ms</subfield>
    <subfield code="0">(DHLAUTH)72263</subfield>
  </datafield>
  <datafield tag="710" ind1="2" ind2=" ">
    <subfield code="a">Honduras</subfield>
    <subfield code="9">ms</subfield>
    <subfield code="0">(DHLAUTH)39711</subfield>
  </datafield>
  <datafield tag="710" ind1="2" ind2=" ">
    <subfield code="a">Hungary</subfield>
    <subfield code="9">ms</subfield>
    <subfield code="0">(DHLAUTH)39715</subfield>
  </datafield>
  <datafield tag="710" ind1="2" ind2=" ">
    <subfield code="a">Iceland</subfield>
    <subfield code="9">ms</subfield>
    <subfield code="0">(DHLAUTH)72299</subfield>
  </datafield>
  <datafield tag="710" ind1="2" ind2=" ">
    <subfield code="a">India</subfield>
    <subfield code="9">ms</subfield>
    <subfield code="0">(DHLAUTH)72301</subfield>
  </datafield>
  <datafield tag="710" ind1="2" ind2=" ">
    <subfield code="a">Ireland</subfield>
    <subfield code="9">ms</subfield>
    <subfield code="0">(DHLAUTH)72475</subfield>
  </datafield>
  <datafield tag="710" ind1="2" ind2=" ">
    <subfield code="a">Israel</subfield>
    <subfield code="9">ms</subfield>
    <subfield code="0">(DHLAUTH)72481</subfield>
  </datafield>
  <datafield tag="710" ind1="2" ind2=" ">
    <subfield code="a">Italy</subfield>
    <subfield code="9">ms</subfield>
    <subfield code="0">(DHLAUTH)72483</subfield>
  </datafield>
  <datafield tag="710" ind1="2" ind2=" ">
    <subfield code="a">Japan</subfield>
    <subfield code="9">ms</subfield>
    <subfield code="0">(DHLAUTH)39853</subfield>
  </datafield>
  <datafield tag="710" ind1="2" ind2=" ">
    <subfield code="a">Lebanon</subfield>
    <subfield code="9">ms</subfield>
    <subfield code="0">(DHLAUTH)72545</subfield>
  </datafield>
  <datafield tag="710" ind1="2" ind2=" ">
    <subfield code="a">Liberia</subfield>
    <subfield code="9">ms</subfield>
    <subfield code="0">(DHLAUTH)72549</subfield>
  </datafield>
  <datafield tag="710" ind1="2" ind2=" ">
    <subfield code="a">Liechtenstein</subfield>
    <subfield code="9">ms</subfield>
    <subfield code="0">(DHLAUTH)78060</subfield>
  </datafield>
  <datafield tag="710" ind1="2" ind2=" ">
    <subfield code="a">Lithuania</subfield>
    <subfield code="9">ms</subfield>
    <subfield code="0">(DHLAUTH)190293</subfield>
  </datafield>
  <datafield tag="710" ind1="2" ind2=" ">
    <subfield code="a">Luxembourg</subfield>
    <subfield code="9">ms</subfield>
    <subfield code="0">(DHLAUTH)39895</subfield>
  </datafield>
  <datafield tag="710" ind1="2" ind2=" ">
    <subfield code="a">Malta</subfield>
    <subfield code="9">ms</subfield>
    <subfield code="0">(DHLAUTH)72563</subfield>
  </datafield>
  <datafield tag="710" ind1="2" ind2=" ">
    <subfield code="a">Mexico</subfield>
    <subfield code="9">ms</subfield>
    <subfield code="0">(DHLAUTH)72583</subfield>
  </datafield>
  <datafield tag="710" ind1="2" ind2=" ">
    <subfield code="a">Monaco</subfield>
    <subfield code="9">ms</subfield>
    <subfield code="0">(DHLAUTH)239876</subfield>
  </datafield>
  <datafield tag="710" ind1="2" ind2=" ">
    <subfield code="a">Montenegro</subfield>
    <subfield code="9">ms</subfield>
    <subfield code="0">(DHLAUTH)709795</subfield>
  </datafield>
  <datafield tag="710" ind1="2" ind2=" ">
    <subfield code="a">Netherlands</subfield>
    <subfield code="9">ms</subfield>
    <subfield code="0">(DHLAUTH)72619</subfield>
  </datafield>
  <datafield tag="710" ind1="2" ind2=" ">
    <subfield code="a">New Zealand</subfield>
    <subfield code="9">ms</subfield>
    <subfield code="0">(DHLAUTH)39937</subfield>
  </datafield>
  <datafield tag="710" ind1="2" ind2=" ">
    <subfield code="a">Nigeria</subfield>
    <subfield code="9">ms</subfield>
    <subfield code="0">(DHLAUTH)39943</subfield>
  </datafield>
  <datafield tag="710" ind1="2" ind2=" ">
    <subfield code="a">Norway</subfield>
    <subfield code="9">ms</subfield>
    <subfield code="0">(DHLAUTH)72643</subfield>
  </datafield>
  <datafield tag="710" ind1="2" ind2=" ">
    <subfield code="a">Panama</subfield>
    <subfield code="9">ms</subfield>
    <subfield code="0">(DHLAUTH)40007</subfield>
  </datafield>
  <datafield tag="710" ind1="2" ind2=" ">
    <subfield code="a">Papua New Guinea</subfield>
    <subfield code="9">ms</subfield>
    <subfield code="0">(DHLAUTH)72725</subfield>
  </datafield>
  <datafield tag="710" ind1="2" ind2=" ">
    <subfield code="a">Peru</subfield>
    <subfield code="9">ms</subfield>
    <subfield code="0">(DHLAUTH)40025</subfield>
  </datafield>
  <datafield tag="710" ind1="2" ind2=" ">
    <subfield code="a">Portugal</subfield>
    <subfield code="9">ms</subfield>
    <subfield code="0">(DHLAUTH)40035</subfield>
  </datafield>
  <datafield tag="710" ind1="2" ind2=" ">
    <subfield code="a">Romania</subfield>
    <subfield code="9">ms</subfield>
    <subfield code="0">(DHLAUTH)40047</subfield>
  </datafield>
  <datafield tag="710" ind1="2" ind2=" ">
    <subfield code="a">Rwanda</subfield>
    <subfield code="9">ms</subfield>
    <subfield code="0">(DHLAUTH)40049</subfield>
  </datafield>
  <datafield tag="710" ind1="2" ind2=" ">
    <subfield code="a">Senegal</subfield>
    <subfield code="9">ms</subfield>
    <subfield code="0">(DHLAUTH)72833</subfield>
  </datafield>
  <datafield tag="710" ind1="2" ind2=" ">
    <subfield code="a">Sierra Leone</subfield>
    <subfield code="9">ms</subfield>
    <subfield code="0">(DHLAUTH)72839</subfield>
  </datafield>
  <datafield tag="710" ind1="2" ind2=" ">
    <subfield code="a">Slovakia</subfield>
    <subfield code="9">ms</subfield>
    <subfield code="0">(DHLAUTH)59648</subfield>
  </datafield>
  <datafield tag="710" ind1="2" ind2=" ">
    <subfield code="a">Slovenia</subfield>
    <subfield code="9">ms</subfield>
    <subfield code="0">(DHLAUTH)202569</subfield>
  </datafield>
  <datafield tag="710" ind1="2" ind2=" ">
    <subfield code="a">South Africa</subfield>
    <subfield code="9">ms</subfield>
    <subfield code="0">(DHLAUTH)72847</subfield>
  </datafield>
  <datafield tag="710" ind1="2" ind2=" ">
    <subfield code="a">Spain</subfield>
    <subfield code="9">ms</subfield>
    <subfield code="0">(DHLAUTH)72857</subfield>
  </datafield>
  <datafield tag="710" ind1="2" ind2=" ">
    <subfield code="a">Sweden</subfield>
    <subfield code="9">ms</subfield>
    <subfield code="0">(DHLAUTH)72871</subfield>
  </datafield>
  <datafield tag="710" ind1="2" ind2=" ">
    <subfield code="a">Switzerland</subfield>
    <subfield code="9">ms</subfield>
    <subfield code="0">(DHLAUTH)72877</subfield>
  </datafield>
  <datafield tag="710" ind1="2" ind2=" ">
    <subfield code="a">The former Yugoslav Republic of Macedonia</subfield>
    <subfield code="0">(DHLAUTH)228505</subfield>
  </datafield>
  <datafield tag="710" ind1="2" ind2=" ">
    <subfield code="a">Timor-Leste</subfield>
    <subfield code="9">ms</subfield>
    <subfield code="0">(DHLAUTH)622519</subfield>
  </datafield>
  <datafield tag="710" ind1="2" ind2=" ">
    <subfield code="a">Turkey</subfield>
    <subfield code="9">ms</subfield>
    <subfield code="0">(DHLAUTH)40073</subfield>
  </datafield>
  <datafield tag="710" ind1="2" ind2=" ">
    <subfield code="a">Uganda</subfield>
    <subfield code="9">ms</subfield>
    <subfield code="0">(DHLAUTH)125009</subfield>
  </datafield>
  <datafield tag="710" ind1="2" ind2=" ">
    <subfield code="a">Ukraine</subfield>
    <subfield code="9">ms</subfield>
    <subfield code="0">(DHLAUTH)28897</subfield>
  </datafield>
  <datafield tag="710" ind1="2" ind2=" ">
    <subfield code="a">United Kingdom</subfield>
    <subfield code="9">ms</subfield>
    <subfield code="0">(DHLAUTH)28884</subfield>
  </datafield>
  <datafield tag="710" ind1="2" ind2=" ">
    <subfield code="a">United States</subfield>
    <subfield code="9">ms</subfield>
    <subfield code="0">(DHLAUTH)28824</subfield>
  </datafield>
  <datafield tag="856" ind1="4" ind2=" ">
    <subfield code="y">العربية</subfield>
    <subfield code="9">cdf99698-4ed8-4f2e-b2a9-f22d6c2e04d0</subfield>
    <subfield code="s">130992</subfield>
    <subfield code="u">https://digitallibrary.un.org/record/695056/files/S_2010_641-AR.pdf</subfield>
  </datafield>
  <datafield tag="856" ind1="4" ind2=" ">
    <subfield code="y">English</subfield>
    <subfield code="9">f7643655-116c-46b9-8956-9410246d16f9</subfield>
    <subfield code="s">47309</subfield>
    <subfield code="u">https://digitallibrary.un.org/record/695056/files/S_2010_641-EN.pdf</subfield>
  </datafield>
  <datafield tag="856" ind1="4" ind2=" ">
    <subfield code="y">Español</subfield>
    <subfield code="9">91520c9c-c916-43fa-b29a-98d5a1ca08a5</subfield>
    <subfield code="s">131525</subfield>
    <subfield code="u">https://digitallibrary.un.org/record/695056/files/S_2010_641-ES.pdf</subfield>
  </datafield>
  <datafield tag="856" ind1="4" ind2=" ">
    <subfield code="y">Français</subfield>
    <subfield code="9">c0be96a0-76c5-44a3-a89a-0a9ffc061b12</subfield>
    <subfield code="s">51610</subfield>
    <subfield code="u">https://digitallibrary.un.org/record/695056/files/S_2010_641-FR.pdf</subfield>
  </datafield>
  <datafield tag="856" ind1="4" ind2=" ">
    <subfield code="y">Русский</subfield>
    <subfield code="9">630485e9-72d7-40ef-a620-9a2d46cd481c</subfield>
    <subfield code="s">199869</subfield>
    <subfield code="u">https://digitallibrary.un.org/record/695056/files/S_2010_641-RU.pdf</subfield>
  </datafield>
  <datafield tag="856" ind1="4" ind2=" ">
    <subfield code="y">中文</subfield>
    <subfield code="9">85e8d346-e047-464e-9f7d-c61e2b53450b</subfield>
    <subfield code="s">183722</subfield>
    <subfield code="u">https://digitallibrary.un.org/record/695056/files/S_2010_641-ZH.pdf</subfield>
  </datafield>
  <datafield tag="930" ind1=" " ind2=" ">
    <subfield code="a">UNDDE10</subfield>
  </datafield>
  <datafield tag="949" ind1=" " ind2=" ">
    <subfield code="9">S/2010/641</subfield>
    <subfield code="b">1756263.1.1</subfield>
    <subfield code="i">1756263</subfield>
    <subfield code="k">unas</subfield>
    <subfield code="c">c. 1</subfield>
    <subfield code="l">DHL</subfield>
    <subfield code="z">t</subfield>
    <subfield code="m">14day</subfield>
    <subfield code="d">20101220000000</subfield>
  </datafield>
  <datafield tag="949" ind1=" " ind2=" ">
    <subfield code="9">S/2010/641</subfield>
    <subfield code="b">10000000937357</subfield>
    <subfield code="i">1756262</subfield>
    <subfield code="k">unes</subfield>
    <subfield code="c">c. 1</subfield>
    <subfield code="l">DHL</subfield>
    <subfield code="z">t</subfield>
    <subfield code="m">14day</subfield>
    <subfield code="d">20101220000000</subfield>
  </datafield>
  <datafield tag="949" ind1=" " ind2=" ">
    <subfield code="9">S/2010/641</subfield>
    <subfield code="b">1756264.1.1</subfield>
    <subfield code="i">1756264</subfield>
    <subfield code="k">uncs</subfield>
    <subfield code="c">c. 1</subfield>
    <subfield code="l">DHL</subfield>
    <subfield code="z">t</subfield>
    <subfield code="m">14day</subfield>
    <subfield code="d">20101220000000</subfield>
  </datafield>
  <datafield tag="949" ind1=" " ind2=" ">
    <subfield code="9">S/2010/641</subfield>
    <subfield code="b">1756265.2.1</subfield>
    <subfield code="i">1756265</subfield>
    <subfield code="k">unfs</subfield>
    <subfield code="c">c. 1</subfield>
    <subfield code="l">DHL</subfield>
    <subfield code="z">t</subfield>
    <subfield code="m">14day</subfield>
    <subfield code="d">20101220000000</subfield>
  </datafield>
  <datafield tag="949" ind1=" " ind2=" ">
    <subfield code="9">S/2010/641</subfield>
    <subfield code="b">1756266.3.1</subfield>
    <subfield code="i">1756266</subfield>
    <subfield code="k">unrs</subfield>
    <subfield code="c">c. 1</subfield>
    <subfield code="l">DHL</subfield>
    <subfield code="z">t</subfield>
    <subfield code="m">14day</subfield>
    <subfield code="d">20101220000000</subfield>
  </datafield>
  <datafield tag="949" ind1=" " ind2=" ">
    <subfield code="9">S/2010/641</subfield>
    <subfield code="b">1756267.4.1</subfield>
    <subfield code="i">1756267</subfield>
    <subfield code="k">unss</subfield>
    <subfield code="c">c. 1</subfield>
    <subfield code="l">DHL</subfield>
    <subfield code="z">t</subfield>
    <subfield code="m">14day</subfield>
    <subfield code="d">20101220000000</subfield>
  </datafield>
  <datafield tag="980" ind1=" " ind2=" ">
    <subfield code="a">BIB</subfield>
  </datafield>
  <datafield tag="981" ind1=" " ind2=" ">
    <subfield code="a">Security Council</subfield>
  </datafield>
  <datafield tag="989" ind1=" " ind2=" ">
    <subfield code="a">Documents and Publications</subfield>
    <subfield code="b">Draft Resolutions and Decisions</subfield>
  </datafield>
  <datafield tag="991" ind1="3" ind2=" ">
    <subfield code="a">S/65</subfield>
    <subfield code="b">[201]</subfield>
    <subfield code="d">WOMEN IN ARMED CONFLICTS</subfield>
    <subfield code="z">I</subfield>
    <subfield code="0">(DHLAUTH)773968</subfield>
  </datafield>
  <datafield tag="991" ind1="3" ind2=" ">
    <subfield code="a">S/65</subfield>
    <subfield code="b">[187]</subfield>
    <subfield code="d">CHILDREN IN ARMED CONFLICTS</subfield>
    <subfield code="z">I</subfield>
    <subfield code="0">(DHLAUTH)773952</subfield>
  </datafield>
  <datafield tag="991" ind1="3" ind2=" ">
    <subfield code="a">S/65</subfield>
    <subfield code="b">[189]</subfield>
    <subfield code="d">CIVILIAN PERSONS--ARMED CONFLICTS</subfield>
    <subfield code="z">I</subfield>
    <subfield code="0">(DHLAUTH)773953</subfield>
  </datafield>
  <datafield tag="993" ind1="1" ind2=" ">
    <subfield code="a">S/RES/1960(2010)</subfield>
  </datafield>
  <datafield tag="998" ind1=" " ind2=" ">
    <subfield code="a">20101220092000</subfield>
    <subfield code="b">pnser</subfield>
    <subfield code="c">20210701135800</subfield>
    <subfield code="d">sh35cat</subfield>
    <subfield code="x">0x00010000c3bfc848</subfield>
    <subfield code="z">20210701202950</subfield>
  </datafield>
  <datafield tag="999" ind1=" " ind2=" ">
    <subfield code="a">pgr20101220</subfield>
    <subfield code="b">20101220</subfield>
    <subfield code="c">r</subfield>
  </datafield>
  <datafield tag="999" ind1=" " ind2=" ">
    <subfield code="a">pnq20101220</subfield>
    <subfield code="b">20101220</subfield>
    <subfield code="c">q</subfield>
  </datafield>
  <datafield tag="999" ind1=" " ind2=" ">
    <subfield code="a">mhc20101220</subfield>
    <subfield code="b">20101220</subfield>
    <subfield code="c">c</subfield>
  </datafield>
  <datafield tag="999" ind1=" " ind2=" ">
    <subfield code="a">vwt20110122</subfield>
    <subfield code="b">20110122</subfield>
    <subfield code="c">t</subfield>
  </datafield>
</record>