
<record>
  <controlfield tag="000">00000nam\\2200025#a\4500</controlfield>
  <controlfield tag="001">642544</controlfield>
  <controlfield tag="005">20220404004727.0</controlfield>
  <controlfield tag="008">081201s2008\\\\usa\\\\#r\\\\\|||1|\eng\d</controlfield>
  <datafield tag="029" ind1=" " ind2=" ">
    <subfield code="a">JN</subfield>
    <subfield code="b">N0860124 E</subfield>
  </datafield>
  <datafield tag="035" ind1=" " ind2=" ">
    <subfield code="a">D879272X</subfield>
    <subfield code="z">D0359790</subfield>
  </datafield>
  <datafield tag="035" ind1=" " ind2=" ">
    <subfield code="a">(DHL)879272</subfield>
  </datafield>
  <datafield tag="039" ind1=" " ind2=" ">
    <subfield code="a">DHU</subfield>
  </datafield>
  <datafield tag="040" ind1=" " ind2=" ">
    <subfield code="a">NNUN</subfield>
    <subfield code="b">eng</subfield>
  </datafield>
  <datafield tag="041" ind1=" " ind2=" ">
    <subfield code="a">arachiengfrerusspa</subfield>
  </datafield>
  <datafield tag="049" ind1=" " ind2=" ">
    <subfield code="a">usa</subfield>
  </datafield>
  <datafield tag="089" ind1=" " ind2=" ">
    <subfield code="b">B19</subfield>
  </datafield>
  <datafield tag="091" ind1=" " ind2=" ">
    <subfield code="a">GEN</subfield>
  </datafield>
  <datafield tag="099" ind1=" " ind2=" ">
    <subfield code="a">UNH</subfield>
    <subfield code="b">DHU</subfield>
  </datafield>
  <datafield tag="191" ind1=" " ind2=" ">
    <subfield code="0">1194034</subfield>
    <subfield code="9">X01</subfield>
    <subfield code="a">S/2008/10/Add.43</subfield>
    <subfield code="b">S/</subfield>
    <subfield code="c">63</subfield>
    <subfield code="q">S200810ADD43</subfield>
    <subfield code="r">S63</subfield>
  </datafield>
  <datafield tag="245" ind1="1" ind2="0">
    <subfield code="a">Summary statement on matters of which the Security Council is seized and on the stage reached in their consideration :</subfield>
    <subfield code="b">addendum /</subfield>
    <subfield code="c">by the Secretary-General</subfield>
  </datafield>
  <datafield tag="249" ind1=" " ind2=" ">
    <subfield code="a">Summary statement on matters of which the Security Council is seized and on the stage reached in their consideration as at 1 Nov. 2008 / by the Secretary-General</subfield>
  </datafield>
  <datafield tag="260" ind1=" " ind2=" ">
    <subfield code="a">[New York] :</subfield>
    <subfield code="b">UN,</subfield>
    <subfield code="c">7 Nov. 2008</subfield>
  </datafield>
  <datafield tag="269" ind1=" " ind2=" ">
    <subfield code="a">2008-11-07</subfield>
  </datafield>
  <datafield tag="300" ind1=" " ind2=" ">
    <subfield code="a">8 p.</subfield>
  </datafield>
  <datafield tag="610" ind1="2" ind2="7">
    <subfield code="0">1205451</subfield>
    <subfield code="2">unbisn</subfield>
    <subfield code="a">UN. Security Council (63rd year : 2008)</subfield>
    <subfield code="g">Activities (Oct. 2008)</subfield>
  </datafield>
  <datafield tag="610" ind1="2" ind2="7">
    <subfield code="0">1205770</subfield>
    <subfield code="2">unbisn</subfield>
    <subfield code="a">UN. Security Council (63rd year : 2008)</subfield>
    <subfield code="g">Activities (2008)</subfield>
  </datafield>
  <datafield tag="610" ind1="2" ind2="7">
    <subfield code="0">864883</subfield>
    <subfield code="2">unbisn</subfield>
    <subfield code="a">ICJ</subfield>
  </datafield>
  <datafield tag="650" ind1="1" ind2="7">
    <subfield code="0">1277954</subfield>
    <subfield code="2">unbist</subfield>
    <subfield code="a">PEACEKEEPING OPERATIONS</subfield>
  </datafield>
  <datafield tag="650" ind1="1" ind2="7">
    <subfield code="0">1277950</subfield>
    <subfield code="2">unbist</subfield>
    <subfield code="a">INTERNATIONAL SECURITY</subfield>
  </datafield>
  <datafield tag="650" ind1="2" ind2="7">
    <subfield code="0">1278253</subfield>
    <subfield code="2">unbist</subfield>
    <subfield code="a">INTERNATIONAL COURTS</subfield>
  </datafield>
  <datafield tag="650" ind1="2" ind2="7">
    <subfield code="0">1284852</subfield>
    <subfield code="2">unbist</subfield>
    <subfield code="a">WOMEN IN ARMED CONFLICTS</subfield>
  </datafield>
  <datafield tag="650" ind1="2" ind2="7">
    <subfield code="0">1284427</subfield>
    <subfield code="2">unbist</subfield>
    <subfield code="a">DEMOCRATIC REPUBLIC OF THE CONGO SITUATION</subfield>
  </datafield>
  <datafield tag="650" ind1="2" ind2="7">
    <subfield code="0">1278078</subfield>
    <subfield code="2">unbist</subfield>
    <subfield code="a">MIDDLE EAST SITUATION</subfield>
  </datafield>
  <datafield tag="650" ind1="2" ind2="7">
    <subfield code="0">1284150</subfield>
    <subfield code="2">unbist</subfield>
    <subfield code="a">SOMALIA SITUATION</subfield>
  </datafield>
  <datafield tag="651" ind1="1" ind2="7">
    <subfield code="0">1282098</subfield>
    <subfield code="2">unbist</subfield>
    <subfield code="a">COTE D'IVOIRE</subfield>
  </datafield>
  <datafield tag="651" ind1="1" ind2="7">
    <subfield code="0">1282123</subfield>
    <subfield code="2">unbist</subfield>
    <subfield code="a">SUDAN</subfield>
  </datafield>
  <datafield tag="651" ind1="1" ind2="7">
    <subfield code="0">1282131</subfield>
    <subfield code="2">unbist</subfield>
    <subfield code="a">DEMOCRATIC REPUBLIC OF THE CONGO</subfield>
  </datafield>
  <datafield tag="710" ind1="2" ind2=" ">
    <subfield code="0">864434</subfield>
    <subfield code="a">UN. Secretary-General</subfield>
  </datafield>
  <datafield tag="856" ind1="4" ind2=" ">
    <subfield code="y">العربية</subfield>
    <subfield code="9">a029c3bb-67d1-430b-ba54-b456cfc50e2c</subfield>
    <subfield code="s">120172</subfield>
    <subfield code="u">https://digitallibrary.un.org/record/642544/files/S_2008_10_Add.43-AR.pdf</subfield>
  </datafield>
  <datafield tag="856" ind1="4" ind2=" ">
    <subfield code="y">English</subfield>
    <subfield code="9">8c13ab03-03ac-4393-bebd-b6b69e12548f</subfield>
    <subfield code="s">43802</subfield>
    <subfield code="u">https://digitallibrary.un.org/record/642544/files/S_2008_10_Add.43-EN.pdf</subfield>
  </datafield>
  <datafield tag="856" ind1="4" ind2=" ">
    <subfield code="y">Español</subfield>
    <subfield code="9">d280b7d3-a32c-4e2f-82de-5a7e54d13ccd</subfield>
    <subfield code="s">47743</subfield>
    <subfield code="u">https://digitallibrary.un.org/record/642544/files/S_2008_10_Add.43-ES.pdf</subfield>
  </datafield>
  <datafield tag="856" ind1="4" ind2=" ">
    <subfield code="y">Français</subfield>
    <subfield code="9">87f62870-54f5-4d4c-8254-9a5d09e79d49</subfield>
    <subfield code="s">46326</subfield>
    <subfield code="u">https://digitallibrary.un.org/record/642544/files/S_2008_10_Add.43-FR.pdf</subfield>
  </datafield>
  <datafield tag="856" ind1="4" ind2=" ">
    <subfield code="y">Русский</subfield>
    <subfield code="9">abe7fdbf-7497-4d34-946b-87b672e5175c</subfield>
    <subfield code="s">174029</subfield>
    <subfield code="u">https://digitallibrary.un.org/record/642544/files/S_2008_10_Add.43-RU.pdf</subfield>
  </datafield>
  <datafield tag="856" ind1="4" ind2=" ">
    <subfield code="y">中文</subfield>
    <subfield code="9">0e82d5e6-71d0-4692-a104-07927d9888e7</subfield>
    <subfield code="s">156122</subfield>
    <subfield code="u">https://digitallibrary.un.org/record/642544/files/S_2008_10_Add.43-ZH.pdf</subfield>
  </datafield>
  <datafield tag="930" ind1=" " ind2=" ">
    <subfield code="a">UNDDE08</subfield>
  </datafield>
  <datafield tag="949" ind1=" " ind2=" ">
    <subfield code="9">S/2008/10/Add.43</subfield>
    <subfield code="b">1598458.2.1</subfield>
    <subfield code="c">c. 1</subfield>
    <subfield code="d">20081130190000</subfield>
    <subfield code="i">1598458</subfield>
    <subfield code="k">uncs</subfield>
    <subfield code="l">DHL</subfield>
    <subfield code="m">14day</subfield>
    <subfield code="z">t</subfield>
  </datafield>
  <datafield tag="949" ind1=" " ind2=" ">
    <subfield code="9">S/2008/10/Add.43</subfield>
    <subfield code="b">1598460.4.1</subfield>
    <subfield code="c">c. 1</subfield>
    <subfield code="d">20081130190000</subfield>
    <subfield code="i">1598460</subfield>
    <subfield code="k">unrs</subfield>
    <subfield code="l">DHL</subfield>
    <subfield code="m">14day</subfield>
    <subfield code="z">t</subfield>
  </datafield>
  <datafield tag="949" ind1=" " ind2=" ">
    <subfield code="9">S/2008/10/Add.43</subfield>
    <subfield code="b">10000008792721</subfield>
    <subfield code="c">c. 1</subfield>
    <subfield code="d">20081130190000</subfield>
    <subfield code="i">1598456</subfield>
    <subfield code="k">unes</subfield>
    <subfield code="l">DHL</subfield>
    <subfield code="m">14day</subfield>
    <subfield code="z">t</subfield>
  </datafield>
  <datafield tag="949" ind1=" " ind2=" ">
    <subfield code="9">S/2008/10/Add.43</subfield>
    <subfield code="b">1598459.3.1</subfield>
    <subfield code="c">c. 1</subfield>
    <subfield code="d">20081130190000</subfield>
    <subfield code="i">1598459</subfield>
    <subfield code="k">unfs</subfield>
    <subfield code="l">DHL</subfield>
    <subfield code="m">14day</subfield>
    <subfield code="z">t</subfield>
  </datafield>
  <datafield tag="949" ind1=" " ind2=" ">
    <subfield code="9">S/2008/10/Add.43</subfield>
    <subfield code="b">1598457.1.1</subfield>
    <subfield code="c">c. 1</subfield>
    <subfield code="d">20081130190000</subfield>
    <subfield code="i">1598457</subfield>
    <subfield code="k">unas</subfield>
    <subfield code="l">DHL</subfield>
    <subfield code="m">14day</subfield>
    <subfield code="z">t</subfield>
  </datafield>
  <datafield tag="949" ind1=" " ind2=" ">
    <subfield code="9">S/2008/10/Add.43</subfield>
    <subfield code="b">1598461.5.1</subfield>
    <subfield code="c">c. 1</subfield>
    <subfield code="d">20081130190000</subfield>
    <subfield code="i">1598461</subfield>
    <subfield code="k">unss</subfield>
    <subfield code="l">DHL</subfield>
    <subfield code="m">14day</subfield>
    <subfield code="z">t</subfield>
  </datafield>
  <datafield tag="980" ind1=" " ind2=" ">
    <subfield code="a">BIB</subfield>
  </datafield>
  <datafield tag="981" ind1=" " ind2=" ">
    <subfield code="a">Security Council</subfield>
  </datafield>
  <datafield tag="989" ind1=" " ind2=" ">
    <subfield code="a">Documents and Publications</subfield>
  </datafield>
  <datafield tag="991" ind1="3" ind2=" ">
    <subfield code="a">S/63</subfield>
    <subfield code="b">[2]</subfield>
    <subfield code="d">UN. SECURITY COUNCIL (2008)--AGENDA</subfield>
    <subfield code="z">I01662823</subfield>
    <subfield code="0">(DHLAUTH)744598</subfield>
  </datafield>
  <datafield tag="998" ind1=" " ind2=" ">
    <subfield code="a">20081201045500</subfield>
    <subfield code="b">rtcat</subfield>
    <subfield code="c">20160728064800</subfield>
    <subfield code="d">shkcat</subfield>
  </datafield>
  <datafield tag="999" ind1=" " ind2=" ">
    <subfield code="a">TTr20081202</subfield>
    <subfield code="b">20081202</subfield>
    <subfield code="c">r</subfield>
  </datafield>
  <datafield tag="999" ind1=" " ind2=" ">
    <subfield code="a">pgc20081201</subfield>
    <subfield code="b">20081201</subfield>
    <subfield code="c">c</subfield>
  </datafield>
  <datafield tag="999" ind1=" " ind2=" ">
    <subfield code="a">rtq20081201</subfield>
    <subfield code="b">20081201</subfield>
    <subfield code="c">q</subfield>
  </datafield>
  <datafield tag="999" ind1=" " ind2=" ">
    <subfield code="a">slt20081201</subfield>
    <subfield code="b">20081201</subfield>
    <subfield code="c">t</subfield>
  </datafield>
</record>