
<record>
  <controlfield tag="000">02102cam\\2200517#a\4500</controlfield>
  <controlfield tag="001">503727</controlfield>
  <controlfield tag="005">20191031150250.0</controlfield>
  <controlfield tag="008">031013c2003\\\\usa\\\\\r\\\\\00010\eng\d</controlfield>
  <datafield tag="029" ind1=" " ind2=" ">
    <subfield code="a">JN</subfield>
    <subfield code="b">N0352295 E</subfield>
  </datafield>
  <datafield tag="035" ind1=" " ind2=" ">
    <subfield code="a">D720929X</subfield>
    <subfield code="z">D0297275</subfield>
  </datafield>
  <datafield tag="035" ind1=" " ind2=" ">
    <subfield code="a">(DHL)720929</subfield>
  </datafield>
  <datafield tag="039" ind1=" " ind2=" ">
    <subfield code="a">DHU</subfield>
  </datafield>
  <datafield tag="040" ind1=" " ind2=" ">
    <subfield code="a">NNUN</subfield>
    <subfield code="b">eng</subfield>
  </datafield>
  <datafield tag="041" ind1=" " ind2=" ">
    <subfield code="a">arachiengfrerusspa</subfield>
  </datafield>
  <datafield tag="049" ind1=" " ind2=" ">
    <subfield code="a">USA</subfield>
  </datafield>
  <datafield tag="089" ind1=" " ind2=" ">
    <subfield code="b">B15</subfield>
  </datafield>
  <datafield tag="089" ind1=" " ind2=" ">
    <subfield code="b">B16</subfield>
  </datafield>
  <datafield tag="091" ind1=" " ind2=" ">
    <subfield code="a">GEN</subfield>
  </datafield>
  <datafield tag="099" ind1=" " ind2=" ">
    <subfield code="a">UNH</subfield>
    <subfield code="b">DHU</subfield>
  </datafield>
  <datafield tag="191" ind1=" " ind2=" ">
    <subfield code="0">1129227</subfield>
    <subfield code="9">G00</subfield>
    <subfield code="a">A/58/374</subfield>
    <subfield code="b">A/</subfield>
    <subfield code="c">58</subfield>
    <subfield code="f">3.0183</subfield>
    <subfield code="q">A58374</subfield>
    <subfield code="r">A58</subfield>
  </datafield>
  <datafield tag="245" ind1="1" ind2="0">
    <subfield code="a">Improvement of the status of women in the United Nations System :</subfield>
    <subfield code="b">report of the Secretary-General</subfield>
  </datafield>
  <datafield tag="260" ind1=" " ind2=" ">
    <subfield code="a">[New York] :</subfield>
    <subfield code="b">UN,</subfield>
    <subfield code="c">17 Sept. 2003</subfield>
  </datafield>
  <datafield tag="269" ind1=" " ind2=" ">
    <subfield code="a">2003-09-17</subfield>
  </datafield>
  <datafield tag="300" ind1=" " ind2=" ">
    <subfield code="a">28 p. :</subfield>
    <subfield code="b">chart, tables</subfield>
  </datafield>
  <datafield tag="500" ind1=" " ind2=" ">
    <subfield code="a">Submitted pursuant to General Assembly resolution 57/180 of 19 Dec. 2002.</subfield>
  </datafield>
  <datafield tag="520" ind1=" " ind2=" ">
    <subfield code="9">DAA</subfield>
    <subfield code="b">Covers the period 1 July 2002-30 June 2003 and reviews developments and activities since the last report (A/57/447). Overviews the current status of the representation of women in the Secretariat and in the UN System compared to a year ago and provides an analysis of the trends during the past 10 years towards the achievement of gender balance.</subfield>
  </datafield>
  <datafield tag="610" ind1="2" ind2="4">
    <subfield code="0">929085</subfield>
    <subfield code="a">UN System</subfield>
    <subfield code="g">Personnel questions</subfield>
  </datafield>
  <datafield tag="610" ind1="2" ind2="4">
    <subfield code="0">938418</subfield>
    <subfield code="a">UN. Secretariat</subfield>
    <subfield code="g">Personnel questions</subfield>
  </datafield>
  <datafield tag="610" ind1="2" ind2="7">
    <subfield code="0">1132154</subfield>
    <subfield code="2">unbisn</subfield>
    <subfield code="a">UN. Office of the High Commissioner for Human Rights. Senior Adviser on Gender Issues</subfield>
  </datafield>
  <datafield tag="650" ind1="1" ind2="7">
    <subfield code="0">1283088</subfield>
    <subfield code="2">unbist</subfield>
    <subfield code="a">WOMEN'S STATUS</subfield>
  </datafield>
  <datafield tag="650" ind1="1" ind2="7">
    <subfield code="0">1283215</subfield>
    <subfield code="2">unbist</subfield>
    <subfield code="a">PROFESSIONAL STAFF</subfield>
  </datafield>
  <datafield tag="650" ind1="1" ind2="7">
    <subfield code="0">1282603</subfield>
    <subfield code="2">unbist</subfield>
    <subfield code="a">CAREER DEVELOPMENT</subfield>
  </datafield>
  <datafield tag="650" ind1="1" ind2="7">
    <subfield code="0">1284353</subfield>
    <subfield code="2">unbist</subfield>
    <subfield code="a">GENDER EQUALITY</subfield>
  </datafield>
  <datafield tag="650" ind1="2" ind2="7">
    <subfield code="0">1283223</subfield>
    <subfield code="2">unbist</subfield>
    <subfield code="a">STAFF REPRESENTATION</subfield>
  </datafield>
  <datafield tag="650" ind1="2" ind2="7">
    <subfield code="0">1282545</subfield>
    <subfield code="2">unbist</subfield>
    <subfield code="a">GEOGRAPHICAL DISTRIBUTION</subfield>
  </datafield>
  <datafield tag="650" ind1="2" ind2="7">
    <subfield code="0">1282611</subfield>
    <subfield code="2">unbist</subfield>
    <subfield code="a">FIELD OFFICES</subfield>
  </datafield>
  <datafield tag="650" ind1="2" ind2="7">
    <subfield code="0">1277954</subfield>
    <subfield code="2">unbist</subfield>
    <subfield code="a">PEACEKEEPING OPERATIONS</subfield>
  </datafield>
  <datafield tag="650" ind1="2" ind2="7">
    <subfield code="0">1282645</subfield>
    <subfield code="2">unbist</subfield>
    <subfield code="a">STAFFING</subfield>
  </datafield>
  <datafield tag="650" ind1="2" ind2="7">
    <subfield code="0">1284178</subfield>
    <subfield code="2">unbist</subfield>
    <subfield code="a">SEXUAL HARASSMENT</subfield>
  </datafield>
  <datafield tag="650" ind1="2" ind2="7">
    <subfield code="0">1283066</subfield>
    <subfield code="2">unbist</subfield>
    <subfield code="a">STATISTICAL DATA</subfield>
  </datafield>
  <datafield tag="710" ind1="2" ind2=" ">
    <subfield code="0">864434</subfield>
    <subfield code="a">UN. Secretary-General</subfield>
  </datafield>
  <datafield tag="856" ind1="4" ind2=" ">
    <subfield code="s">320552</subfield>
    <subfield code="u">http://digitallibrary.un.org/record/503727/files/A_58_374-AR.pdf</subfield>
    <subfield code="y">العربية</subfield>
  </datafield>
  <datafield tag="856" ind1="4" ind2=" ">
    <subfield code="s">1852003</subfield>
    <subfield code="u">http://digitallibrary.un.org/record/503727/files/A_58_374-ZH.pdf</subfield>
    <subfield code="y">中文</subfield>
  </datafield>
  <datafield tag="856" ind1="4" ind2=" ">
    <subfield code="s">152293</subfield>
    <subfield code="u">http://digitallibrary.un.org/record/503727/files/A_58_374-EN.pdf</subfield>
    <subfield code="y">English</subfield>
  </datafield>
  <datafield tag="856" ind1="4" ind2=" ">
    <subfield code="s">235720</subfield>
    <subfield code="u">http://digitallibrary.un.org/record/503727/files/A_58_374-FR.pdf</subfield>
    <subfield code="y">Français</subfield>
  </datafield>
  <datafield tag="856" ind1="4" ind2=" ">
    <subfield code="s">457354</subfield>
    <subfield code="u">http://digitallibrary.un.org/record/503727/files/A_58_374-RU.pdf</subfield>
    <subfield code="y">Русский</subfield>
  </datafield>
  <datafield tag="856" ind1="4" ind2=" ">
    <subfield code="s">240770</subfield>
    <subfield code="u">http://digitallibrary.un.org/record/503727/files/A_58_374-ES.pdf</subfield>
    <subfield code="y">Español</subfield>
  </datafield>
  <datafield tag="930" ind1=" " ind2=" ">
    <subfield code="a">DAA</subfield>
  </datafield>
  <datafield tag="930" ind1=" " ind2=" ">
    <subfield code="a">UNDOC03</subfield>
  </datafield>
  <datafield tag="930" ind1=" " ind2=" ">
    <subfield code="a">UDIQ303</subfield>
    <subfield code="b">3.0183</subfield>
  </datafield>
  <datafield tag="949" ind1=" " ind2=" ">
    <subfield code="9">A/58/374</subfield>
    <subfield code="b">1165416.3.1</subfield>
    <subfield code="c">c. 1</subfield>
    <subfield code="d">20031012200000</subfield>
    <subfield code="i">1165416</subfield>
    <subfield code="k">unfs</subfield>
    <subfield code="l">DHL</subfield>
    <subfield code="m">14day</subfield>
    <subfield code="z">t</subfield>
  </datafield>
  <datafield tag="949" ind1=" " ind2=" ">
    <subfield code="9">A/58/374</subfield>
    <subfield code="b">1165417.4.1</subfield>
    <subfield code="c">c. 1</subfield>
    <subfield code="d">20031012200000</subfield>
    <subfield code="i">1165417</subfield>
    <subfield code="k">unrs</subfield>
    <subfield code="l">DHL</subfield>
    <subfield code="m">14day</subfield>
    <subfield code="z">t</subfield>
  </datafield>
  <datafield tag="949" ind1=" " ind2=" ">
    <subfield code="9">A/58/374</subfield>
    <subfield code="b">1165415.2.1</subfield>
    <subfield code="c">c. 1</subfield>
    <subfield code="d">20031012200000</subfield>
    <subfield code="i">1165415</subfield>
    <subfield code="k">unes</subfield>
    <subfield code="l">DHL</subfield>
    <subfield code="m">14day</subfield>
    <subfield code="z">t</subfield>
  </datafield>
  <datafield tag="949" ind1=" " ind2=" ">
    <subfield code="9">A/58/374</subfield>
    <subfield code="b">7209291</subfield>
    <subfield code="c">c. 1</subfield>
    <subfield code="d">20031012200000</subfield>
    <subfield code="i">1165413</subfield>
    <subfield code="k">unas</subfield>
    <subfield code="l">DHL</subfield>
    <subfield code="m">14day</subfield>
    <subfield code="z">t</subfield>
  </datafield>
  <datafield tag="949" ind1=" " ind2=" ">
    <subfield code="9">A/58/374</subfield>
    <subfield code="b">1165418.5.1</subfield>
    <subfield code="c">c. 1</subfield>
    <subfield code="d">20031012200000</subfield>
    <subfield code="i">1165418</subfield>
    <subfield code="k">unss</subfield>
    <subfield code="l">DHL</subfield>
    <subfield code="m">14day</subfield>
    <subfield code="z">t</subfield>
  </datafield>
  <datafield tag="949" ind1=" " ind2=" ">
    <subfield code="9">A/58/374</subfield>
    <subfield code="b">1165414.1.1</subfield>
    <subfield code="c">c. 1</subfield>
    <subfield code="d">20031012200000</subfield>
    <subfield code="i">1165414</subfield>
    <subfield code="k">uncs</subfield>
    <subfield code="l">DHL</subfield>
    <subfield code="m">14day</subfield>
    <subfield code="z">t</subfield>
  </datafield>
  <datafield tag="980" ind1=" " ind2=" ">
    <subfield code="a">BIB</subfield>
  </datafield>
  <datafield tag="981" ind1=" " ind2=" ">
    <subfield code="a">General Assembly</subfield>
    <subfield code="b">General Assembly Plenary</subfield>
  </datafield>
  <datafield tag="989" ind1=" " ind2=" ">
    <subfield code="a">Documents and Publications</subfield>
    <subfield code="b">Reports</subfield>
    <subfield code="c">Secretary-General's Reports</subfield>
  </datafield>
  <datafield tag="991" ind1="1" ind2=" ">
    <subfield code="a">A/58/251</subfield>
    <subfield code="b">110</subfield>
    <subfield code="c">Advancement of women.</subfield>
    <subfield code="d">WOMEN'S ADVANCEMENT</subfield>
    <subfield code="z">I0179559</subfield>
    <subfield code="0">(DHLAUTH)638356</subfield>
  </datafield>
  <datafield tag="998" ind1=" " ind2=" ">
    <subfield code="a">20031013071900</subfield>
    <subfield code="b">dgcat</subfield>
    <subfield code="c">20160728064800</subfield>
    <subfield code="d">shkcat</subfield>
  </datafield>
  <datafield tag="999" ind1=" " ind2=" ">
    <subfield code="a">pgt20031013</subfield>
    <subfield code="b">2001013</subfield>
    <subfield code="c">t</subfield>
  </datafield>
  <datafield tag="999" ind1=" " ind2=" ">
    <subfield code="a">SLa20031013</subfield>
    <subfield code="b">20031013</subfield>
    <subfield code="c">a</subfield>
  </datafield>
  <datafield tag="999" ind1=" " ind2=" ">
    <subfield code="a">dgq20031013</subfield>
    <subfield code="b">20031013</subfield>
    <subfield code="c">q</subfield>
  </datafield>
  <datafield tag="999" ind1=" " ind2=" ">
    <subfield code="a">alac20031013</subfield>
    <subfield code="b">20031013</subfield>
    <subfield code="c">c</subfield>
  </datafield>
  <datafield tag="999" ind1=" " ind2=" ">
    <subfield code="a">TAr20031013</subfield>
    <subfield code="b">20031013</subfield>
    <subfield code="c">r</subfield>
  </datafield>
</record>