
    <record>
        <controlfield tag="000">00000nam a2200025#a 4500</controlfield>
        <controlfield tag="001">3992257</controlfield>
        <controlfield tag="005">20221215221113.0</controlfield>
        <controlfield tag="008">221027s2022    usa    #r     |||1| eng d</controlfield>
        <datafield tag="029" ind1=" " ind2=" ">
            <subfield code="a">JN</subfield>
            <subfield code="b">N2263994 E</subfield>
        </datafield>
        <datafield tag="035" ind1=" " ind2=" ">
            <subfield code="a">(DHL)1358334</subfield>
        </datafield>
        <datafield tag="039" ind1=" " ind2=" ">
            <subfield code="a">DHU</subfield>
        </datafield>
        <datafield tag="040" ind1=" " ind2=" ">
            <subfield code="a">NNUN</subfield>
            <subfield code="b">eng</subfield>
        </datafield>
        <datafield tag="041" ind1=" " ind2=" ">
            <subfield code="a">eng</subfield>
        </datafield>
        <datafield tag="049" ind1=" " ind2=" ">
            <subfield code="a">usa</subfield>
        </datafield>
        <datafield tag="089" ind1=" " ind2=" ">
            <subfield code="b">B03</subfield>
        </datafield>
        <datafield tag="091" ind1=" " ind2=" ">
            <subfield code="a">PRO</subfield>
        </datafield>
        <datafield tag="099" ind1=" " ind2=" ">
            <subfield code="a">UNH</subfield>
            <subfield code="b">DHU</subfield>
        </datafield>
        <datafield tag="191" ind1=" " ind2=" ">
            <subfield code="a">S/PV.9158</subfield>
            <subfield code="b">S/</subfield>
            <subfield code="c">77</subfield>
            <subfield code="9">X88</subfield>
            <subfield code="0">(DHLAUTH)926023</subfield>
        </datafield>
        <datafield tag="245" ind1="1" ind2="0">
            <subfield code="a">Security Council, 77th year :</subfield>
            <subfield code="b">9158th meeting, Thursday, 20 October 2022, New York</subfield>
        </datafield>
        <datafield tag="260" ind1=" " ind2=" ">
            <subfield code="a">[New York] :</subfield>
            <subfield code="b">UN,</subfield>
            <subfield code="c">2022</subfield>
        </datafield>
        <datafield tag="269" ind1=" " ind2=" ">
            <subfield code="a">2022</subfield>
        </datafield>
        <datafield tag="300" ind1=" " ind2=" ">
            <subfield code="a">33 p.</subfield>
        </datafield>
        <datafield tag="650" ind1="1" ind2="7">
            <subfield code="2">unbist</subfield>
            <subfield code="a">WOMEN</subfield>
            <subfield code="0">(DHLAUTH)273032</subfield>
        </datafield>
        <datafield tag="650" ind1="1" ind2="7">
            <subfield code="2">unbist</subfield>
            <subfield code="a">WOMEN'S ADVANCEMENT</subfield>
            <subfield code="0">(DHLAUTH)273158</subfield>
        </datafield>
        <datafield tag="650" ind1="1" ind2="7">
            <subfield code="2">unbist</subfield>
            <subfield code="a">WOMEN IN ARMED CONFLICTS</subfield>
            <subfield code="0">(DHLAUTH)652111</subfield>
        </datafield>
        <datafield tag="650" ind1="1" ind2="7">
            <subfield code="2">unbist</subfield>
            <subfield code="a">PEACEKEEPING OPERATIONS</subfield>
            <subfield code="0">(DHLAUTH)474428</subfield>
        </datafield>
        <datafield tag="650" ind1="1" ind2="7">
            <subfield code="2">unbist</subfield>
            <subfield code="a">POLITICAL LEADERS</subfield>
            <subfield code="0">(DHLAUTH)605409</subfield>
        </datafield>
        <datafield tag="650" ind1="1" ind2="7">
            <subfield code="2">unbist</subfield>
            <subfield code="a">POLITICAL PARTICIPATION</subfield>
            <subfield code="0">(DHLAUTH)268475</subfield>
        </datafield>
        <datafield tag="650" ind1="1" ind2="7">
            <subfield code="2">unbist</subfield>
            <subfield code="a">GENDER EQUALITY</subfield>
            <subfield code="0">(DHLAUTH)441178</subfield>
        </datafield>
        <datafield tag="650" ind1="1" ind2="7">
            <subfield code="2">unbist</subfield>
            <subfield code="a">WAR PREVENTION</subfield>
            <subfield code="0">(DHLAUTH)268449</subfield>
        </datafield>
        <datafield tag="650" ind1="1" ind2="7">
            <subfield code="a">GENDER-BASED VIOLENCE</subfield>
            <subfield code="2">unbist</subfield>
            <subfield code="0">(DHLAUTH)276684</subfield>
        </datafield>
        <datafield tag="650" ind1="1" ind2="7">
            <subfield code="a">PEACEBUILDING</subfield>
            <subfield code="2">unbist</subfield>
            <subfield code="0">(DHLAUTH)268714</subfield>
        </datafield>
        <datafield tag="856" ind1="4" ind2=" ">
            <subfield code="y">العربية</subfield>
            <subfield code="9">f74c10d8-4cdd-459d-8429-7a68f314e54f</subfield>
            <subfield code="s">539134</subfield>
            <subfield code="u">https://digitallibrary.un.org/record/3992257/files/S_PV.9158-AR.pdf</subfield>
        </datafield>
        <datafield tag="856" ind1="4" ind2=" ">
            <subfield code="y">中文</subfield>
            <subfield code="9">e4d40e73-616b-4bbd-ab37-6c9a91990c36</subfield>
            <subfield code="s">962539</subfield>
            <subfield code="u">https://digitallibrary.un.org/record/3992257/files/S_PV.9158-ZH.pdf</subfield>
        </datafield>
        <datafield tag="856" ind1="4" ind2=" ">
            <subfield code="y">English</subfield>
            <subfield code="9">fbfc6a13-5b34-4549-934a-337ae1379205</subfield>
            <subfield code="s">578315</subfield>
            <subfield code="u">https://digitallibrary.un.org/record/3992257/files/S_PV.9158-EN.pdf</subfield>
        </datafield>
        <datafield tag="856" ind1="4" ind2=" ">
            <subfield code="y">Français</subfield>
            <subfield code="9">b3241422-7658-4d1a-9a44-43c1722281f1</subfield>
            <subfield code="s">584392</subfield>
            <subfield code="u">https://digitallibrary.un.org/record/3992257/files/S_PV.9158-FR.pdf</subfield>
        </datafield>
        <datafield tag="856" ind1="4" ind2=" ">
            <subfield code="y">Русский</subfield>
            <subfield code="9">22c7374a-e627-45e6-b3c1-9e36f3a1515a</subfield>
            <subfield code="s">1984921</subfield>
            <subfield code="u">https://digitallibrary.un.org/record/3992257/files/S_PV.9158-RU.pdf</subfield>
        </datafield>
        <datafield tag="856" ind1="4" ind2=" ">
            <subfield code="y">Español</subfield>
            <subfield code="9">b6d1ccaf-b321-40bb-95e2-7b30e9d2be62</subfield>
            <subfield code="s">580956</subfield>
            <subfield code="u">https://digitallibrary.un.org/record/3992257/files/S_PV.9158-ES.pdf</subfield>
        </datafield>
        <datafield tag="930" ind1=" " ind2=" ">
            <subfield code="a">UNDOC22</subfield>
        </datafield>
        <datafield tag="980" ind1=" " ind2=" ">
            <subfield code="a">BIB</subfield>
        </datafield>
        <datafield tag="981" ind1=" " ind2=" ">
            <subfield code="a">Security Council</subfield>
        </datafield>
        <datafield tag="989" ind1=" " ind2=" ">
            <subfield code="a">Documents and Publications</subfield>
            <subfield code="b">Meeting Records</subfield>
            <subfield code="c">Verbatim Records</subfield>
        </datafield>
        <datafield tag="991" ind1="3" ind2=" ">
            <subfield code="a">S/77</subfield>
            <subfield code="b">[201]</subfield>
            <subfield code="d">WOMEN IN ARMED CONFLICTS</subfield>
            <subfield code="e">Participation by non-Council members (without right to vote): Australia, Austria, Bangladesh, Belgium, Bulgaria, Canada, Central African Republic, Chile, Colombia, Costa Rica, Croatia, Democratic Republic of the Congo, Dominican Republic, Ecuador, Egypt, Estonia, Finland, Georgia, Germany, Greece, Guatemala, Guyana, Indonesia, Islamic Republic of Iran, Israel, Italy, Japan, Jordan, Kuwait, Latvia, Lebanon, Liechtenstein, Lithuania, Luxembourg, Malaysia, Mali, Malta, Morocco, Namibia, Netherlands, New Zealand, Niger, Philippines, Poland, Portugal, Republic of Korea, Romania, Slovakia, Slovenia, South Africa, Spain, Switzerland, Thailand, Türkiye, Ukraine, Viet Nam, Yemen and State of Palestine</subfield>
            <subfield code="f">X27</subfield>
            <subfield code="z">I</subfield>
            <subfield code="0">(DHLAUTH)926052</subfield>
        </datafield>
        <datafield tag="991" ind1="3" ind2=" ">
            <subfield code="a">S/</subfield>
            <subfield code="b">X</subfield>
            <subfield code="c">Women and peace and security.</subfield>
            <subfield code="0">(DHLAUTH)921724</subfield>
        </datafield>
        <datafield tag="992" ind1=" " ind2=" ">
            <subfield code="a">2022-10-20</subfield>
        </datafield>
        <datafield tag="998" ind1=" " ind2=" ">
            <subfield code="a">20221027073100</subfield>
            <subfield code="b">mmcat22</subfield>
            <subfield code="c">20221215211600</subfield>
            <subfield code="d">vwcat2</subfield>
            <subfield code="x">0x00010000cb81864b</subfield>
            <subfield code="z">20221216021845</subfield>
        </datafield>
        <datafield tag="999" ind1=" " ind2=" ">
            <subfield code="a">mmq20221027</subfield>
            <subfield code="b">20221027</subfield>
            <subfield code="c">q</subfield>
        </datafield>
        <datafield tag="999" ind1=" " ind2=" ">
            <subfield code="a">arc20221027</subfield>
            <subfield code="b">20221027</subfield>
            <subfield code="c">c</subfield>
        </datafield>
        <datafield tag="999" ind1=" " ind2=" ">
            <subfield code="a">vvr20221027</subfield>
            <subfield code="b">20221027</subfield>
            <subfield code="c">r</subfield>
        </datafield>
        <datafield tag="999" ind1=" " ind2=" ">
            <subfield code="a">vwt20221215</subfield>
            <subfield code="b">20221215</subfield>
            <subfield code="c">t</subfield>
        </datafield>
    </record>