


<record>
  <controlfield tag="000">01505cam\\2200409#\\4500</controlfield>
  <controlfield tag="001">233002</controlfield>
  <controlfield tag="005">20191105174320.0</controlfield>
  <controlfield tag="008">970415s1997\\\\usa\\\\\r\\\\\\\\\\\eng\u</controlfield>
  <datafield tag="029" ind1=" " ind2=" ">
    <subfield code="a">JN</subfield>
    <subfield code="b">N9708884 E</subfield>
  </datafield>
  <datafield tag="035" ind1=" " ind2=" ">
    <subfield code="a">D408923X</subfield>
    <subfield code="z">I0125888</subfield>
    <subfield code="z">D0210686</subfield>
  </datafield>
  <datafield tag="035" ind1=" " ind2=" ">
    <subfield code="a">(DHL)408923</subfield>
  </datafield>
  <datafield tag="039" ind1=" " ind2=" ">
    <subfield code="a">DHU</subfield>
  </datafield>
  <datafield tag="040" ind1=" " ind2=" ">
    <subfield code="a">NNUN</subfield>
    <subfield code="b">eng</subfield>
  </datafield>
  <datafield tag="041" ind1=" " ind2=" ">
    <subfield code="a">arachiengfrerusspa</subfield>
  </datafield>
  <datafield tag="049" ind1=" " ind2=" ">
    <subfield code="a">usa</subfield>
  </datafield>
  <datafield tag="089" ind1=" " ind2=" ">
    <subfield code="a">Reports/studies</subfield>
    <subfield code="b">B16</subfield>
  </datafield>
  <datafield tag="091" ind1=" " ind2=" ">
    <subfield code="a">GEN</subfield>
  </datafield>
  <datafield tag="099" ind1=" " ind2=" ">
    <subfield code="a">UNH</subfield>
    <subfield code="b">DHU</subfield>
  </datafield>
  <datafield tag="191" ind1=" " ind2=" ">
    <subfield code="0">1013165</subfield>
    <subfield code="a">A/51/851</subfield>
    <subfield code="b">A/</subfield>
    <subfield code="c">51</subfield>
    <subfield code="d">A/</subfield>
    <subfield code="e">51/851</subfield>
    <subfield code="f">000969</subfield>
    <subfield code="q">A51851</subfield>
    <subfield code="r">A51</subfield>
  </datafield>
  <datafield tag="239" ind1="1" ind2="0">
    <subfield code="a">Financing of the United Nations Peacekeeping Force in Cyprus : report of the Advisory Committee on Administrative and Budgetary Questions</subfield>
  </datafield>
  <datafield tag="245" ind1="0" ind2="0">
    <subfield code="a">Report of the Advisory Committee on Administrative and Budgetary Questions.</subfield>
  </datafield>
  <datafield tag="260" ind1=" " ind2=" ">
    <subfield code="a">[New York] :</subfield>
    <subfield code="b">UN,</subfield>
    <subfield code="c">3 Apr. 1997.</subfield>
  </datafield>
  <datafield tag="269" ind1=" " ind2=" ">
    <subfield code="a">1997-04-03</subfield>
  </datafield>
  <datafield tag="300" ind1=" " ind2=" ">
    <subfield code="a">11 p. :</subfield>
    <subfield code="b">table</subfield>
  </datafield>
  <datafield tag="610" ind1="2" ind2="7">
    <subfield code="0">1033028</subfield>
    <subfield code="a">UN Peacekeeping Force in Cyprus</subfield>
    <subfield code="g">Financing</subfield>
  </datafield>
  <datafield tag="650" ind1="0" ind2="7">
    <subfield code="0">1277954</subfield>
    <subfield code="a">PEACEKEEPING OPERATIONS</subfield>
  </datafield>
  <datafield tag="650" ind1="0" ind2="7">
    <subfield code="0">1282543</subfield>
    <subfield code="a">FINANCING</subfield>
  </datafield>
  <datafield tag="650" ind1="0" ind2="7">
    <subfield code="0">1283236</subfield>
    <subfield code="a">BUDGET PERFORMANCE</subfield>
  </datafield>
  <datafield tag="650" ind1="0" ind2="7">
    <subfield code="0">1283726</subfield>
    <subfield code="a">COSTS</subfield>
  </datafield>
  <datafield tag="650" ind1="0" ind2="7">
    <subfield code="0">1282645</subfield>
    <subfield code="a">STAFFING</subfield>
  </datafield>
  <datafield tag="650" ind1="0" ind2="7">
    <subfield code="0">1278018</subfield>
    <subfield code="a">MILITARY PERSONNEL</subfield>
  </datafield>
  <datafield tag="650" ind1="0" ind2="7">
    <subfield code="0">1280876</subfield>
    <subfield code="a">LABOUR CONTRACTS</subfield>
  </datafield>
  <datafield tag="651" ind1="0" ind2="7">
    <subfield code="0">1282224</subfield>
    <subfield code="a">CYPRUS</subfield>
  </datafield>
  <datafield tag="710" ind1="2" ind2="0">
    <subfield code="0">871219</subfield>
    <subfield code="a">UN. Advisory Committee on Administrative and Budgetary Questions</subfield>
  </datafield>
  <datafield tag="856" ind1="4" ind2=" ">
    <subfield code="s">96818</subfield>
    <subfield code="u">http://digitallibrary.un.org/record/233002/files/A_51_851-AR.pdf</subfield>
    <subfield code="y">العربية</subfield>
  </datafield>
  <datafield tag="856" ind1="4" ind2=" ">
    <subfield code="s">542473</subfield>
    <subfield code="u">http://digitallibrary.un.org/record/233002/files/A_51_851-ZH.pdf</subfield>
    <subfield code="y">中文</subfield>
  </datafield>
  <datafield tag="856" ind1="4" ind2=" ">
    <subfield code="s">33256</subfield>
    <subfield code="u">http://digitallibrary.un.org/record/233002/files/A_51_851-EN.pdf</subfield>
    <subfield code="y">English</subfield>
  </datafield>
  <datafield tag="856" ind1="4" ind2=" ">
    <subfield code="s">37624</subfield>
    <subfield code="u">http://digitallibrary.un.org/record/233002/files/A_51_851-FR.pdf</subfield>
    <subfield code="y">Français</subfield>
  </datafield>
  <datafield tag="856" ind1="4" ind2=" ">
    <subfield code="s">74859</subfield>
    <subfield code="u">http://digitallibrary.un.org/record/233002/files/A_51_851-RU.pdf</subfield>
    <subfield code="y">Русский</subfield>
  </datafield>
  <datafield tag="856" ind1="4" ind2=" ">
    <subfield code="s">40257</subfield>
    <subfield code="u">http://digitallibrary.un.org/record/233002/files/A_51_851-ES.pdf</subfield>
    <subfield code="y">Español</subfield>
  </datafield>
  <datafield tag="930" ind1=" " ind2=" ">
    <subfield code="a">UNDAP97</subfield>
  </datafield>
  <datafield tag="930" ind1=" " ind2=" ">
    <subfield code="a">CHCJUN97</subfield>
  </datafield>
  <datafield tag="955" ind1=" " ind2=" ">
    <subfield code="a">02599300</subfield>
  </datafield>
  <datafield tag="980" ind1=" " ind2=" ">
    <subfield code="a">BIB</subfield>
  </datafield>
  <datafield tag="981" ind1=" " ind2=" ">
    <subfield code="a">General Assembly</subfield>
    <subfield code="b">General Assembly Plenary</subfield>
  </datafield>
  <datafield tag="989" ind1=" " ind2=" ">
    <subfield code="a">Documents and Publications</subfield>
    <subfield code="b">Reports</subfield>
  </datafield>
  <datafield tag="991" ind1="1" ind2=" ">
    <subfield code="a">A/51/251</subfield>
    <subfield code="b">132</subfield>
    <subfield code="c">Financing of the United Nations Peacekeeping Force in Cyprus.</subfield>
    <subfield code="d">UN PEACEKEEPING FORCE IN CYPRUS--FINANCING</subfield>
    <subfield code="0">(DHLAUTH)465945</subfield>
  </datafield>
  <datafield tag="991" ind1="1" ind2=" ">
    <subfield code="a">A/51/251</subfield>
    <subfield code="b">132</subfield>
    <subfield code="c">Financing of the United Nations Peacekeeping Force in Cyprus.</subfield>
    <subfield code="d">UN PEACEKEEPING FORCE IN CYPRUS--FINANCING</subfield>
    <subfield code="e">Issued: 3 Apr. 1997</subfield>
    <subfield code="f">G00</subfield>
    <subfield code="0">(DHLAUTH)465945</subfield>
  </datafield>
  <datafield tag="998" ind1=" " ind2=" ">
    <subfield code="a">19970729200000</subfield>
    <subfield code="c">20160728064800</subfield>
    <subfield code="d">shkcat</subfield>
  </datafield>
</record>