
<record>
  <controlfield tag="000">01979cam  2200529#a 4500</controlfield>
  <controlfield tag="001">1489317</controlfield>
  <controlfield tag="005">20181114235930.0</controlfield>
  <controlfield tag="008">990726c1999    usa     r     00010 eng d</controlfield>
  <datafield tag="029" ind1=" " ind2=" ">
    <subfield code="a">JN</subfield>
    <subfield code="b">N9921812 A</subfield>
  </datafield>
  <datafield tag="029" ind1=" " ind2=" ">
    <subfield code="a">JN</subfield>
    <subfield code="b">N9921253 E</subfield>
  </datafield>
  <datafield tag="035" ind1=" " ind2=" ">
    <subfield code="a">D474500X</subfield>
    <subfield code="z">D0240245</subfield>
  </datafield>
  <datafield tag="035" ind1=" " ind2=" ">
    <subfield code="a">(DHL)474500</subfield>
  </datafield>
  <datafield tag="039" ind1=" " ind2=" ">
    <subfield code="a">DHU</subfield>
  </datafield>
  <datafield tag="040" ind1=" " ind2=" ">
    <subfield code="a">NNUN</subfield>
    <subfield code="b">eng</subfield>
  </datafield>
  <datafield tag="041" ind1="0" ind2=" ">
    <subfield code="a">arachiengfrerusspa</subfield>
  </datafield>
  <datafield tag="049" ind1=" " ind2=" ">
    <subfield code="a">USA</subfield>
  </datafield>
  <datafield tag="089" ind1=" " ind2=" ">
    <subfield code="b">B15</subfield>
  </datafield>
  <datafield tag="089" ind1=" " ind2=" ">
    <subfield code="a">Reports/studies</subfield>
    <subfield code="b">B16</subfield>
  </datafield>
  <datafield tag="089" ind1=" " ind2=" ">
    <subfield code="a">Maps (UN) in documents</subfield>
    <subfield code="b">B11</subfield>
  </datafield>
  <datafield tag="091" ind1=" " ind2=" ">
    <subfield code="a">GEN</subfield>
  </datafield>
  <datafield tag="099" ind1=" " ind2=" ">
    <subfield code="a">UNH</subfield>
    <subfield code="b">DHU</subfield>
  </datafield>
  <datafield tag="191" ind1=" " ind2=" ">
    <subfield code="a">S/1999/807</subfield>
    <subfield code="b">S/</subfield>
    <subfield code="c">54</subfield>
    <subfield code="9">X00</subfield>
    <subfield code="f">2.5928</subfield>
    <subfield code="q">S1999807</subfield>
    <subfield code="r">S54</subfield>
    <subfield code="0">(DHLAUTH)527166</subfield>
  </datafield>
  <datafield tag="245" ind1="1" ind2="0">
    <subfield code="a">Report of the Secretary-General on the United Nations Interim Force in Lebanon, for the period from 16 January 1999 to 15 July 1999</subfield>
  </datafield>
  <datafield tag="249" ind1=" " ind2=" ">
    <subfield code="a">Report on the UN Interim Force in Lebanon for the period from 16 Jan. 1999 to 15 July 1999 / Secretary-General</subfield>
  </datafield>
  <datafield tag="260" ind1=" " ind2=" ">
    <subfield code="a">[New York] :</subfield>
    <subfield code="b">UN,</subfield>
    <subfield code="c">21 July 1999</subfield>
  </datafield>
  <datafield tag="269" ind1=" " ind2=" ">
    <subfield code="a">1999-07-21</subfield>
  </datafield>
  <datafield tag="300" ind1=" " ind2=" ">
    <subfield code="a">6 p. :</subfield>
    <subfield code="b">map</subfield>
  </datafield>
  <datafield tag="500" ind1=" " ind2=" ">
    <subfield code="a">Includes#UN map no. 3000 rev.46: UNIFIL deployment as of July 1999#(July 1999).</subfield>
  </datafield>
  <datafield tag="520" ind1="0" ind2=" ">
    <subfield code="a">Covers developments since the report dated 19 Jan. 1999 (S/1999/61). Describes the situation in the area of operation and reports on organizational and financial matters. Includes a map showing deployment of the Mission as of July 1999.</subfield>
  </datafield>
  <datafield tag="596" ind1=" " ind2=" ">
    <subfield code="a">Reissued in Arabic.</subfield>
  </datafield>
  <datafield tag="610" ind1="2" ind2="7">
    <subfield code="a">UN Interim Force in Lebanon</subfield>
    <subfield code="g">Financing</subfield>
    <subfield code="0">(DHLAUTH)328653</subfield>
  </datafield>
  <datafield tag="610" ind1="2" ind2="7">
    <subfield code="2">unbisn</subfield>
    <subfield code="a">UN Interim Force in Lebanon</subfield>
    <subfield code="g">Activities (1999)</subfield>
    <subfield code="0">(DHLAUTH)547446</subfield>
  </datafield>
  <datafield tag="650" ind1="1" ind2="7">
    <subfield code="a">PEACEKEEPING OPERATIONS</subfield>
    <subfield code="0">(DHLAUTH)474428</subfield>
  </datafield>
  <datafield tag="650" ind1="1" ind2="7">
    <subfield code="a">MAPS</subfield>
    <subfield code="0">(DHLAUTH)9705</subfield>
  </datafield>
  <datafield tag="650" ind1="1" ind2="7">
    <subfield code="a">ARMED INCIDENTS</subfield>
    <subfield code="0">(DHLAUTH)268830</subfield>
  </datafield>
  <datafield tag="650" ind1="1" ind2="7">
    <subfield code="a">MILITARY PERSONNEL</subfield>
    <subfield code="0">(DHLAUTH)268838</subfield>
  </datafield>
  <datafield tag="651" ind1="1" ind2="7">
    <subfield code="a">LEBANON</subfield>
    <subfield code="0">(DHLAUTH)269069</subfield>
  </datafield>
  <datafield tag="710" ind1="2" ind2="0">
    <subfield code="a">UN. Secretary-General</subfield>
    <subfield code="0">(DHLAUTH)10663</subfield>
  </datafield>
  <datafield tag="856" ind1="4" ind2=" ">
    <subfield code="y">العربية</subfield>
    <subfield code="s">76048</subfield>
    <subfield code="u">http://digitallibrary.un.org/record/1489317/files/S_1999_807-AR.pdf</subfield>
  </datafield>
  <datafield tag="856" ind1="4" ind2=" ">
    <subfield code="y">English</subfield>
    <subfield code="s">22175</subfield>
    <subfield code="u">http://digitallibrary.un.org/record/1489317/files/S_1999_807-EN.pdf</subfield>
  </datafield>
  <datafield tag="856" ind1="4" ind2=" ">
    <subfield code="y">Español</subfield>
    <subfield code="s">23177</subfield>
    <subfield code="u">http://digitallibrary.un.org/record/1489317/files/S_1999_807-ES.pdf</subfield>
  </datafield>
  <datafield tag="856" ind1="4" ind2=" ">
    <subfield code="y">Français</subfield>
    <subfield code="s">23602</subfield>
    <subfield code="u">http://digitallibrary.un.org/record/1489317/files/S_1999_807-FR.pdf</subfield>
  </datafield>
  <datafield tag="856" ind1="4" ind2=" ">
    <subfield code="y">Русский</subfield>
    <subfield code="s">54058</subfield>
    <subfield code="u">http://digitallibrary.un.org/record/1489317/files/S_1999_807-RU.pdf</subfield>
  </datafield>
  <datafield tag="856" ind1="4" ind2=" ">
    <subfield code="y">中文</subfield>
    <subfield code="s">188998</subfield>
    <subfield code="u">http://digitallibrary.un.org/record/1489317/files/S_1999_807-ZH.pdf</subfield>
  </datafield>
  <datafield tag="930" ind1=" " ind2=" ">
    <subfield code="a">DAA</subfield>
  </datafield>
  <datafield tag="930" ind1=" " ind2=" ">
    <subfield code="a">UNDJL99</subfield>
  </datafield>
  <datafield tag="930" ind1=" " ind2=" ">
    <subfield code="a">UDIQC99</subfield>
    <subfield code="b">2.5928</subfield>
  </datafield>
  <datafield tag="930" ind1=" " ind2=" ">
    <subfield code="a">UPDQ499</subfield>
  </datafield>
  <datafield tag="949" ind1=" " ind2=" ">
    <subfield code="9">S/1999/807</subfield>
    <subfield code="b">657805.7.1</subfield>
    <subfield code="i">657805</subfield>
    <subfield code="k">unss</subfield>
    <subfield code="c">c. 1</subfield>
    <subfield code="l">DHL</subfield>
    <subfield code="z">t</subfield>
    <subfield code="m">14day</subfield>
    <subfield code="d">19990725200000</subfield>
  </datafield>
  <datafield tag="949" ind1=" " ind2=" ">
    <subfield code="9">S/1999/807</subfield>
    <subfield code="b">657802.4.1</subfield>
    <subfield code="i">657802</subfield>
    <subfield code="k">uncs</subfield>
    <subfield code="c">c. 1</subfield>
    <subfield code="l">DHL</subfield>
    <subfield code="z">t</subfield>
    <subfield code="m">14day</subfield>
    <subfield code="d">19990725200000</subfield>
  </datafield>
  <datafield tag="949" ind1=" " ind2=" ">
    <subfield code="9">S/1999/807*</subfield>
    <subfield code="b">657801.3.1</subfield>
    <subfield code="i">657801</subfield>
    <subfield code="k">unas</subfield>
    <subfield code="c">c. 1</subfield>
    <subfield code="l">DHL</subfield>
    <subfield code="z">t</subfield>
    <subfield code="m">14day</subfield>
    <subfield code="d">19990725200000</subfield>
  </datafield>
  <datafield tag="949" ind1=" " ind2=" ">
    <subfield code="9">S/1999/807</subfield>
    <subfield code="b">657803.5.1</subfield>
    <subfield code="i">657803</subfield>
    <subfield code="k">unfs</subfield>
    <subfield code="c">c. 1</subfield>
    <subfield code="l">DHL</subfield>
    <subfield code="z">t</subfield>
    <subfield code="m">14day</subfield>
    <subfield code="d">19990725200000</subfield>
  </datafield>
  <datafield tag="949" ind1=" " ind2=" ">
    <subfield code="9">S/1999/807</subfield>
    <subfield code="b">658790.1.1</subfield>
    <subfield code="i">658790</subfield>
    <subfield code="k">unas</subfield>
    <subfield code="c">c. 1</subfield>
    <subfield code="l">DHL</subfield>
    <subfield code="z">t</subfield>
    <subfield code="m">14day</subfield>
    <subfield code="d">19990727200000</subfield>
  </datafield>
  <datafield tag="949" ind1=" " ind2=" ">
    <subfield code="9">S/1999/807</subfield>
    <subfield code="b">657800.2.1</subfield>
    <subfield code="i">657800</subfield>
    <subfield code="k">unes</subfield>
    <subfield code="c">c. 2</subfield>
    <subfield code="l">DHL</subfield>
    <subfield code="z">t</subfield>
    <subfield code="m">14day</subfield>
    <subfield code="d">19990725200000</subfield>
  </datafield>
  <datafield tag="949" ind1=" " ind2=" ">
    <subfield code="9">S/1999/807</subfield>
    <subfield code="b">657804.6.1</subfield>
    <subfield code="i">657804</subfield>
    <subfield code="k">unrs</subfield>
    <subfield code="c">c. 1</subfield>
    <subfield code="l">DHL</subfield>
    <subfield code="z">t</subfield>
    <subfield code="m">14day</subfield>
    <subfield code="d">19990725200000</subfield>
  </datafield>
  <datafield tag="949" ind1=" " ind2=" ">
    <subfield code="9">S/1999/807</subfield>
    <subfield code="b">657799.1.1</subfield>
    <subfield code="i">657799</subfield>
    <subfield code="k">unes</subfield>
    <subfield code="c">c. 1</subfield>
    <subfield code="l">DHL</subfield>
    <subfield code="z">t</subfield>
    <subfield code="m">14day</subfield>
    <subfield code="d">19990725200000</subfield>
  </datafield>
  <datafield tag="980" ind1=" " ind2=" ">
    <subfield code="a">BIB</subfield>
  </datafield>
  <datafield tag="981" ind1=" " ind2=" ">
    <subfield code="a">Security Council</subfield>
  </datafield>
  <datafield tag="989" ind1=" " ind2=" ">
    <subfield code="a">Documents and Publications</subfield>
    <subfield code="b">Reports</subfield>
    <subfield code="c">Secretary-General's Reports</subfield>
  </datafield>
  <datafield tag="991" ind1="3" ind2=" ">
    <subfield code="a">S/54</subfield>
    <subfield code="b">[57]</subfield>
    <subfield code="d">UN INTERIM FORCE IN LEBANON</subfield>
    <subfield code="z">I0137796</subfield>
    <subfield code="0">(DHLAUTH)527123</subfield>
  </datafield>
  <datafield tag="991" ind1="3" ind2=" ">
    <subfield code="a">S/54</subfield>
    <subfield code="b">[54]</subfield>
    <subfield code="d">MIDDLE EAST SITUATION</subfield>
    <subfield code="z">I0137796</subfield>
    <subfield code="0">(DHLAUTH)527120</subfield>
  </datafield>
  <datafield tag="991" ind1="3" ind2=" ">
    <subfield code="a">S/54</subfield>
    <subfield code="b">[56]</subfield>
    <subfield code="d">ISRAEL--LEBANON</subfield>
    <subfield code="z">I0137796</subfield>
    <subfield code="0">(DHLAUTH)527122</subfield>
  </datafield>
  <datafield tag="998" ind1=" " ind2=" ">
    <subfield code="a">19990725200000</subfield>
    <subfield code="b">ibcs</subfield>
    <subfield code="c">20160728064800</subfield>
    <subfield code="d">shkcat</subfield>
    <subfield code="z">20180515151948</subfield>
  </datafield>
  <datafield tag="999" ind1=" " ind2=" ">
    <subfield code="a">pg</subfield>
    <subfield code="b">19990727</subfield>
    <subfield code="c">r</subfield>
  </datafield>
  <datafield tag="999" ind1=" " ind2=" ">
    <subfield code="a">jm</subfield>
    <subfield code="b">19990726</subfield>
    <subfield code="c">a</subfield>
  </datafield>
  <datafield tag="999" ind1=" " ind2=" ">
    <subfield code="a">jm</subfield>
    <subfield code="b">19990726</subfield>
    <subfield code="c">c</subfield>
  </datafield>
  <datafield tag="999" ind1=" " ind2=" ">
    <subfield code="a">jm</subfield>
    <subfield code="b">19990726</subfield>
    <subfield code="c">p</subfield>
  </datafield>
  <datafield tag="999" ind1=" " ind2=" ">
    <subfield code="a">bi</subfield>
    <subfield code="b">19990726</subfield>
    <subfield code="c">q</subfield>
  </datafield>
  <datafield tag="999" ind1=" " ind2=" ">
    <subfield code="a">TA</subfield>
    <subfield code="b">19990727</subfield>
    <subfield code="c">r</subfield>
  </datafield>
</record>