
<record>
  <controlfield tag="000">01539cam\\2200481#\\4500</controlfield>
  <controlfield tag="001">247836</controlfield>
  <controlfield tag="005">20191105180211.0</controlfield>
  <controlfield tag="008">971211s1997\\\\usa\\\\\r\\\\\\\\\\\eng\u</controlfield>
  <datafield tag="029" ind1=" " ind2=" ">
    <subfield code="a">JN</subfield>
    <subfield code="b">N9734984 E</subfield>
  </datafield>
  <datafield tag="035" ind1=" " ind2=" ">
    <subfield code="a">D429711X</subfield>
    <subfield code="z">D0217522</subfield>
  </datafield>
  <datafield tag="035" ind1=" " ind2=" ">
    <subfield code="a">(DHL)429711</subfield>
  </datafield>
  <datafield tag="039" ind1=" " ind2=" ">
    <subfield code="a">DHU</subfield>
  </datafield>
  <datafield tag="040" ind1=" " ind2=" ">
    <subfield code="a">NNUN</subfield>
    <subfield code="b">eng</subfield>
  </datafield>
  <datafield tag="041" ind1=" " ind2=" ">
    <subfield code="a">arachiengfrerusspa</subfield>
  </datafield>
  <datafield tag="049" ind1=" " ind2=" ">
    <subfield code="a">usa</subfield>
  </datafield>
  <datafield tag="089" ind1=" " ind2=" ">
    <subfield code="a">Reports/letters (UN Secretary-General)</subfield>
    <subfield code="b">B15</subfield>
  </datafield>
  <datafield tag="089" ind1=" " ind2=" ">
    <subfield code="a">Reports/studies</subfield>
    <subfield code="b">B16</subfield>
  </datafield>
  <datafield tag="089" ind1=" " ind2=" ">
    <subfield code="a">Maps (UN) in documents</subfield>
    <subfield code="b">B11</subfield>
  </datafield>
  <datafield tag="091" ind1=" " ind2=" ">
    <subfield code="a">GEN</subfield>
  </datafield>
  <datafield tag="099" ind1=" " ind2=" ">
    <subfield code="a">UNH</subfield>
    <subfield code="b">DHU</subfield>
  </datafield>
  <datafield tag="191" ind1=" " ind2=" ">
    <subfield code="0">1023327</subfield>
    <subfield code="9">X00</subfield>
    <subfield code="a">S/1997/962</subfield>
    <subfield code="b">S/</subfield>
    <subfield code="c">52</subfield>
    <subfield code="d">S/</subfield>
    <subfield code="e">1997/962</subfield>
    <subfield code="f">014174</subfield>
    <subfield code="q">S1997962</subfield>
    <subfield code="r">S52</subfield>
  </datafield>
  <datafield tag="245" ind1="1" ind2="0">
    <subfield code="a">Report of the Secretary-General on the United Nations Operation in Cyprus.</subfield>
  </datafield>
  <datafield tag="249" ind1=" " ind2=" ">
    <subfield code="a">Report on the UN operation in Cyprus / Secretary-General</subfield>
  </datafield>
  <datafield tag="260" ind1=" " ind2=" ">
    <subfield code="a">[New York] :</subfield>
    <subfield code="b">UN,</subfield>
    <subfield code="c">8 Dec. 1997.</subfield>
  </datafield>
  <datafield tag="269" ind1=" " ind2=" ">
    <subfield code="a">1997-12-08</subfield>
  </datafield>
  <datafield tag="300" ind1=" " ind2=" ">
    <subfield code="a">[10] p. :</subfield>
    <subfield code="b">map</subfield>
  </datafield>
  <datafield tag="500" ind1=" " ind2=" ">
    <subfield code="a">Includes#UN map no. 2930 rev.42: UNIFICYP deployment as of December 1997#(Dec. 1997).</subfield>
  </datafield>
  <datafield tag="598" ind1=" " ind2=" ">
    <subfield code="a">Issued: 8 Dec. 1997</subfield>
  </datafield>
  <datafield tag="610" ind1="2" ind2="7">
    <subfield code="0">1033028</subfield>
    <subfield code="a">UN Peacekeeping Force in Cyprus</subfield>
    <subfield code="g">Financing</subfield>
  </datafield>
  <datafield tag="610" ind1="2" ind2="7">
    <subfield code="0">872342</subfield>
    <subfield code="a">UN. Committee on Missing Persons in Cyprus</subfield>
  </datafield>
  <datafield tag="650" ind1="0" ind2="7">
    <subfield code="0">1278724</subfield>
    <subfield code="a">MAPS</subfield>
  </datafield>
  <datafield tag="650" ind1="0" ind2="7">
    <subfield code="0">1277954</subfield>
    <subfield code="a">PEACEKEEPING OPERATIONS</subfield>
  </datafield>
  <datafield tag="650" ind1="0" ind2="7">
    <subfield code="0">1282935</subfield>
    <subfield code="a">CEASEFIRES</subfield>
  </datafield>
  <datafield tag="650" ind1="0" ind2="7">
    <subfield code="0">1281005</subfield>
    <subfield code="a">HUMANITARIAN ASSISTANCE</subfield>
  </datafield>
  <datafield tag="650" ind1="0" ind2="7">
    <subfield code="0">1278070</subfield>
    <subfield code="a">CYPRUS QUESTION</subfield>
  </datafield>
  <datafield tag="650" ind1="0" ind2="7">
    <subfield code="0">1282543</subfield>
    <subfield code="a">FINANCING</subfield>
  </datafield>
  <datafield tag="650" ind1="0" ind2="7">
    <subfield code="0">1278018</subfield>
    <subfield code="a">MILITARY PERSONNEL</subfield>
  </datafield>
  <datafield tag="650" ind1="0" ind2="7">
    <subfield code="0">1277952</subfield>
    <subfield code="a">NEGOTIATION</subfield>
  </datafield>
  <datafield tag="651" ind1="0" ind2="7">
    <subfield code="0">1282224</subfield>
    <subfield code="a">CYPRUS</subfield>
  </datafield>
  <datafield tag="710" ind1="2" ind2="0">
    <subfield code="0">864434</subfield>
    <subfield code="a">UN. Secretary-General</subfield>
  </datafield>
  <datafield tag="856" ind1="4" ind2=" ">
    <subfield code="s">88268</subfield>
    <subfield code="u">http://digitallibrary.un.org/record/247836/files/S_1997_962-AR.pdf</subfield>
    <subfield code="y">العربية</subfield>
  </datafield>
  <datafield tag="856" ind1="4" ind2=" ">
    <subfield code="s">251775</subfield>
    <subfield code="u">http://digitallibrary.un.org/record/247836/files/S_1997_962-ZH.pdf</subfield>
    <subfield code="y">中文</subfield>
  </datafield>
  <datafield tag="856" ind1="4" ind2=" ">
    <subfield code="s">29351</subfield>
    <subfield code="u">http://digitallibrary.un.org/record/247836/files/S_1997_962-EN.pdf</subfield>
    <subfield code="y">English</subfield>
  </datafield>
  <datafield tag="856" ind1="4" ind2=" ">
    <subfield code="s">31368</subfield>
    <subfield code="u">http://digitallibrary.un.org/record/247836/files/S_1997_962-FR.pdf</subfield>
    <subfield code="y">Français</subfield>
  </datafield>
  <datafield tag="856" ind1="4" ind2=" ">
    <subfield code="s">68225</subfield>
    <subfield code="u">http://digitallibrary.un.org/record/247836/files/S_1997_962-RU.pdf</subfield>
    <subfield code="y">Русский</subfield>
  </datafield>
  <datafield tag="856" ind1="4" ind2=" ">
    <subfield code="s">32775</subfield>
    <subfield code="u">http://digitallibrary.un.org/record/247836/files/S_1997_962-ES.pdf</subfield>
    <subfield code="y">Español</subfield>
  </datafield>
  <datafield tag="930" ind1=" " ind2=" ">
    <subfield code="a">UNDDE97</subfield>
  </datafield>
  <datafield tag="930" ind1=" " ind2=" ">
    <subfield code="a">CHCDEC97</subfield>
  </datafield>
  <datafield tag="930" ind1=" " ind2=" ">
    <subfield code="a">UPDQ499</subfield>
  </datafield>
  <datafield tag="955" ind1=" " ind2=" ">
    <subfield code="a">17513700</subfield>
  </datafield>
  <datafield tag="980" ind1=" " ind2=" ">
    <subfield code="a">BIB</subfield>
  </datafield>
  <datafield tag="981" ind1=" " ind2=" ">
    <subfield code="a">Security Council</subfield>
  </datafield>
  <datafield tag="989" ind1=" " ind2=" ">
    <subfield code="a">Documents and Publications</subfield>
    <subfield code="b">Reports</subfield>
    <subfield code="c">Secretary-General's Reports</subfield>
  </datafield>
  <datafield tag="991" ind1="3" ind2=" ">
    <subfield code="a">S/52</subfield>
    <subfield code="b">[42]</subfield>
    <subfield code="d">CYPRUS QUESTION</subfield>
    <subfield code="z">I0129577</subfield>
    <subfield code="0">(DHLAUTH)465739</subfield>
  </datafield>
  <datafield tag="991" ind1="3" ind2=" ">
    <subfield code="a">S/52</subfield>
    <subfield code="b">[43]</subfield>
    <subfield code="d">UN PEACEKEEPING FORCE IN CYPRUS</subfield>
    <subfield code="z">I0129577</subfield>
    <subfield code="0">(DHLAUTH)465738</subfield>
  </datafield>
  <datafield tag="998" ind1=" " ind2=" ">
    <subfield code="a">19980204120000</subfield>
    <subfield code="b">dhla</subfield>
    <subfield code="c">20160728064800</subfield>
    <subfield code="d">shkcat</subfield>
  </datafield>
</record>