
<record>
  <controlfield tag="000">01505cam\\2200433#\\4500</controlfield>
  <controlfield tag="001">257055</controlfield>
  <controlfield tag="005">20191101155701.0</controlfield>
  <controlfield tag="008">980720s1998\\\\usa\\\\\r\\\\\\\\\\\eng\u</controlfield>
  <datafield tag="029" ind1=" " ind2=" ">
    <subfield code="a">JN</subfield>
    <subfield code="b">N9819712 E</subfield>
  </datafield>
  <datafield tag="035" ind1=" " ind2=" ">
    <subfield code="a">D444617X</subfield>
    <subfield code="z">D0224252</subfield>
  </datafield>
  <datafield tag="035" ind1=" " ind2=" ">
    <subfield code="a">(DHL)444617</subfield>
  </datafield>
  <datafield tag="039" ind1=" " ind2=" ">
    <subfield code="a">DHU</subfield>
  </datafield>
  <datafield tag="040" ind1=" " ind2=" ">
    <subfield code="a">NNUN</subfield>
    <subfield code="b">eng</subfield>
  </datafield>
  <datafield tag="041" ind1=" " ind2=" ">
    <subfield code="a">arachiengfrerusspa</subfield>
  </datafield>
  <datafield tag="049" ind1=" " ind2=" ">
    <subfield code="a">usa</subfield>
  </datafield>
  <datafield tag="089" ind1=" " ind2=" ">
    <subfield code="a">Reports/letters (UN Secretary-General)</subfield>
    <subfield code="b">B15</subfield>
  </datafield>
  <datafield tag="089" ind1=" " ind2=" ">
    <subfield code="a">Reports/studies</subfield>
    <subfield code="b">B16</subfield>
  </datafield>
  <datafield tag="089" ind1=" " ind2=" ">
    <subfield code="a">Maps (UN) in documents</subfield>
    <subfield code="b">B11</subfield>
  </datafield>
  <datafield tag="091" ind1=" " ind2=" ">
    <subfield code="a">GEN</subfield>
  </datafield>
  <datafield tag="099" ind1=" " ind2=" ">
    <subfield code="a">UNH</subfield>
    <subfield code="b">DHU</subfield>
  </datafield>
  <datafield tag="191" ind1=" " ind2=" ">
    <subfield code="0">1033247</subfield>
    <subfield code="9">X00</subfield>
    <subfield code="a">S/1998/652</subfield>
    <subfield code="b">S/</subfield>
    <subfield code="c">53</subfield>
    <subfield code="q">S1998652</subfield>
    <subfield code="r">S53</subfield>
  </datafield>
  <datafield tag="245" ind1="1" ind2="0">
    <subfield code="a">Report of the Secretary-General on the United Nations Interim Force in Lebanon, for the period 16 January to 15 July 1998.</subfield>
  </datafield>
  <datafield tag="249" ind1=" " ind2=" ">
    <subfield code="a">Report on the UN Interim Force in Lebanon for the period 16 Jan.-15 July 1998 / Secretary-General</subfield>
  </datafield>
  <datafield tag="260" ind1=" " ind2=" ">
    <subfield code="a">[New York] :</subfield>
    <subfield code="b">UN,</subfield>
    <subfield code="c">16 July 1998.</subfield>
  </datafield>
  <datafield tag="269" ind1=" " ind2=" ">
    <subfield code="a">1998-07-16</subfield>
  </datafield>
  <datafield tag="300" ind1=" " ind2=" ">
    <subfield code="a">[6] p. :</subfield>
    <subfield code="b">map</subfield>
  </datafield>
  <datafield tag="500" ind1=" " ind2=" ">
    <subfield code="a">Includes#UN map no. 3000 rev.44: UNIFIL deployment as of July 1998#(July 1998).</subfield>
  </datafield>
  <datafield tag="610" ind1="2" ind2="7">
    <subfield code="0">938449</subfield>
    <subfield code="a">UN Interim Force in Lebanon</subfield>
    <subfield code="g">Financing</subfield>
  </datafield>
  <datafield tag="610" ind1="2" ind2="7">
    <subfield code="0">1044634</subfield>
    <subfield code="a">UN INTERIM FORCE IN LEBANON</subfield>
    <subfield code="g">Activities (1998)</subfield>
  </datafield>
  <datafield tag="650" ind1="0" ind2="7">
    <subfield code="0">1277954</subfield>
    <subfield code="a">PEACEKEEPING OPERATIONS</subfield>
  </datafield>
  <datafield tag="650" ind1="0" ind2="7">
    <subfield code="0">1278724</subfield>
    <subfield code="a">MAPS</subfield>
  </datafield>
  <datafield tag="650" ind1="0" ind2="7">
    <subfield code="0">1282930</subfield>
    <subfield code="a">ARMED INCIDENTS</subfield>
  </datafield>
  <datafield tag="650" ind1="0" ind2="7">
    <subfield code="0">1282543</subfield>
    <subfield code="a">FINANCING</subfield>
  </datafield>
  <datafield tag="650" ind1="0" ind2="7">
    <subfield code="0">1278018</subfield>
    <subfield code="a">MILITARY PERSONNEL</subfield>
  </datafield>
  <datafield tag="651" ind1="0" ind2="7">
    <subfield code="0">1282264</subfield>
    <subfield code="a">LEBANON</subfield>
  </datafield>
  <datafield tag="710" ind1="2" ind2="0">
    <subfield code="0">864434</subfield>
    <subfield code="a">UN. Secretary-General</subfield>
  </datafield>
  <datafield tag="856" ind1="4" ind2=" ">
    <subfield code="s">76731</subfield>
    <subfield code="u">http://digitallibrary.un.org/record/257055/files/S_1998_652-AR.pdf</subfield>
    <subfield code="y">العربية</subfield>
  </datafield>
  <datafield tag="856" ind1="4" ind2=" ">
    <subfield code="s">191599</subfield>
    <subfield code="u">http://digitallibrary.un.org/record/257055/files/S_1998_652-ZH.pdf</subfield>
    <subfield code="y">中文</subfield>
  </datafield>
  <datafield tag="856" ind1="4" ind2=" ">
    <subfield code="s">22078</subfield>
    <subfield code="u">http://digitallibrary.un.org/record/257055/files/S_1998_652-EN.pdf</subfield>
    <subfield code="y">English</subfield>
  </datafield>
  <datafield tag="856" ind1="4" ind2=" ">
    <subfield code="s">23589</subfield>
    <subfield code="u">http://digitallibrary.un.org/record/257055/files/S_1998_652-FR.pdf</subfield>
    <subfield code="y">Français</subfield>
  </datafield>
  <datafield tag="856" ind1="4" ind2=" ">
    <subfield code="s">53441</subfield>
    <subfield code="u">http://digitallibrary.un.org/record/257055/files/S_1998_652-RU.pdf</subfield>
    <subfield code="y">Русский</subfield>
  </datafield>
  <datafield tag="856" ind1="4" ind2=" ">
    <subfield code="s">24477</subfield>
    <subfield code="u">http://digitallibrary.un.org/record/257055/files/S_1998_652-ES.pdf</subfield>
    <subfield code="y">Español</subfield>
  </datafield>
  <datafield tag="930" ind1=" " ind2=" ">
    <subfield code="a">UNDJL98</subfield>
  </datafield>
  <datafield tag="930" ind1=" " ind2=" ">
    <subfield code="a">UDIQ498</subfield>
  </datafield>
  <datafield tag="930" ind1=" " ind2=" ">
    <subfield code="a">UPDQ499</subfield>
  </datafield>
  <datafield tag="949" ind1=" " ind2=" ">
    <subfield code="9">S/1998/652</subfield>
    <subfield code="b">548638.7.1</subfield>
    <subfield code="c">c. 1</subfield>
    <subfield code="d">19980719200000</subfield>
    <subfield code="i">548638</subfield>
    <subfield code="k">unss</subfield>
    <subfield code="l">DHL</subfield>
    <subfield code="m">vcirc</subfield>
    <subfield code="z">t</subfield>
  </datafield>
  <datafield tag="949" ind1=" " ind2=" ">
    <subfield code="9">S/1998/652</subfield>
    <subfield code="b">548636.5.1</subfield>
    <subfield code="c">c. 1</subfield>
    <subfield code="d">19980719200000</subfield>
    <subfield code="i">548636</subfield>
    <subfield code="k">unfs</subfield>
    <subfield code="l">DHL</subfield>
    <subfield code="m">vcirc</subfield>
    <subfield code="z">t</subfield>
  </datafield>
  <datafield tag="949" ind1=" " ind2=" ">
    <subfield code="9">S/1998/652</subfield>
    <subfield code="b">548635.4.1</subfield>
    <subfield code="c">c. 1</subfield>
    <subfield code="d">19980719200000</subfield>
    <subfield code="i">548635</subfield>
    <subfield code="k">uncs</subfield>
    <subfield code="l">DHL</subfield>
    <subfield code="m">vcirc</subfield>
    <subfield code="z">t</subfield>
  </datafield>
  <datafield tag="949" ind1=" " ind2=" ">
    <subfield code="9">S/1998/652</subfield>
    <subfield code="b">548637.6.1</subfield>
    <subfield code="c">c. 1</subfield>
    <subfield code="d">19980719200000</subfield>
    <subfield code="i">548637</subfield>
    <subfield code="k">unrs</subfield>
    <subfield code="l">DHL</subfield>
    <subfield code="m">vcirc</subfield>
    <subfield code="z">t</subfield>
  </datafield>
  <datafield tag="949" ind1=" " ind2=" ">
    <subfield code="9">S/1998/652</subfield>
    <subfield code="b">4446171</subfield>
    <subfield code="c">c. 1</subfield>
    <subfield code="d">19980719200000</subfield>
    <subfield code="i">548632</subfield>
    <subfield code="k">unes</subfield>
    <subfield code="l">DHL</subfield>
    <subfield code="m">vcirc</subfield>
    <subfield code="z">t</subfield>
  </datafield>
  <datafield tag="949" ind1=" " ind2=" ">
    <subfield code="9">S/1998/652</subfield>
    <subfield code="b">548634.3.1</subfield>
    <subfield code="c">c. 1</subfield>
    <subfield code="d">19980719200000</subfield>
    <subfield code="i">548634</subfield>
    <subfield code="k">unas</subfield>
    <subfield code="l">DHL</subfield>
    <subfield code="m">vcirc</subfield>
    <subfield code="z">t</subfield>
  </datafield>
  <datafield tag="949" ind1=" " ind2=" ">
    <subfield code="9">S/1998/652</subfield>
    <subfield code="b">548633.2.1</subfield>
    <subfield code="c">c. 2</subfield>
    <subfield code="d">19980719200000</subfield>
    <subfield code="i">548633</subfield>
    <subfield code="k">unes</subfield>
    <subfield code="l">DHL</subfield>
    <subfield code="m">vcirc</subfield>
    <subfield code="z">t</subfield>
  </datafield>
  <datafield tag="980" ind1=" " ind2=" ">
    <subfield code="a">BIB</subfield>
  </datafield>
  <datafield tag="981" ind1=" " ind2=" ">
    <subfield code="a">Security Council</subfield>
  </datafield>
  <datafield tag="989" ind1=" " ind2=" ">
    <subfield code="a">Documents and Publications</subfield>
    <subfield code="b">Reports</subfield>
    <subfield code="c">Secretary-General's Reports</subfield>
  </datafield>
  <datafield tag="991" ind1="3" ind2=" ">
    <subfield code="a">S/53</subfield>
    <subfield code="b">[54]</subfield>
    <subfield code="d">MIDDLE EAST SITUATION</subfield>
    <subfield code="z">I0132177</subfield>
    <subfield code="0">(DHLAUTH)480874</subfield>
  </datafield>
  <datafield tag="991" ind1="3" ind2=" ">
    <subfield code="a">S/53</subfield>
    <subfield code="b">[56]</subfield>
    <subfield code="d">ISRAEL--LEBANON</subfield>
    <subfield code="z">I0132177</subfield>
    <subfield code="0">(DHLAUTH)480578</subfield>
  </datafield>
  <datafield tag="991" ind1="3" ind2=" ">
    <subfield code="a">S/53</subfield>
    <subfield code="b">[57]</subfield>
    <subfield code="d">UN INTERIM FORCE IN LEBANON</subfield>
    <subfield code="z">I0132177</subfield>
    <subfield code="0">(DHLAUTH)480577</subfield>
  </datafield>
  <datafield tag="998" ind1=" " ind2=" ">
    <subfield code="a">19980719200000</subfield>
    <subfield code="b">cat</subfield>
    <subfield code="c">20160728064800</subfield>
    <subfield code="d">shkcat</subfield>
  </datafield>
  <datafield tag="999" ind1=" " ind2=" ">
    <subfield code="a">pg</subfield>
    <subfield code="b">19981113</subfield>
    <subfield code="c">u</subfield>
  </datafield>
</record>