
    <record>
        <controlfield tag="000">00000nam a2200025#a 4500</controlfield>
        <controlfield tag="001">3989922</controlfield>
        <controlfield tag="005">20221230231840.0</controlfield>
        <controlfield tag="008">221010s2022    usa    #r     |||1| eng d</controlfield>
        <datafield tag="029" ind1=" " ind2=" ">
            <subfield code="a">JN</subfield>
            <subfield code="b">N2222760 E</subfield>
        </datafield>
        <datafield tag="035" ind1=" " ind2=" ">
            <subfield code="a">(DHL)1356150</subfield>
        </datafield>
        <datafield tag="039" ind1=" " ind2=" ">
            <subfield code="a">DHU</subfield>
        </datafield>
        <datafield tag="040" ind1=" " ind2=" ">
            <subfield code="a">NNUN</subfield>
            <subfield code="b">eng</subfield>
        </datafield>
        <datafield tag="041" ind1=" " ind2=" ">
            <subfield code="a">eng</subfield>
        </datafield>
        <datafield tag="049" ind1=" " ind2=" ">
            <subfield code="a">usa</subfield>
        </datafield>
        <datafield tag="089" ind1=" " ind2=" ">
            <subfield code="b">18</subfield>
        </datafield>
        <datafield tag="091" ind1=" " ind2=" ">
            <subfield code="a">GEN</subfield>
        </datafield>
        <datafield tag="099" ind1=" " ind2=" ">
            <subfield code="a">UNH</subfield>
            <subfield code="b">DHU</subfield>
        </datafield>
        <datafield tag="191" ind1=" " ind2=" ">
            <subfield code="a">S/2022/743</subfield>
            <subfield code="b">S/</subfield>
            <subfield code="c">77</subfield>
            <subfield code="9">X01</subfield>
            <subfield code="0">(DHLAUTH)926023</subfield>
        </datafield>
        <datafield tag="245" ind1="1" ind2="0">
            <subfield code="a">Letter dated 4 October 2022 from the Permanent Representative of Gabon to the United Nations addressed to the Secretary-General</subfield>
        </datafield>
        <datafield tag="249" ind1=" " ind2=" ">
            <subfield code="a">Letter, 4 Oct. 2022, from Gabon</subfield>
        </datafield>
        <datafield tag="260" ind1=" " ind2=" ">
            <subfield code="a">[New York] :</subfield>
            <subfield code="b">UN,</subfield>
            <subfield code="c">4 Oct. 2022</subfield>
        </datafield>
        <datafield tag="269" ind1=" " ind2=" ">
            <subfield code="a">2022-10-04</subfield>
        </datafield>
        <datafield tag="300" ind1=" " ind2=" ">
            <subfield code="a">4 p.</subfield>
        </datafield>
        <datafield tag="520" ind1=" " ind2=" ">
            <subfield code="a">Transmits concept note for the Security Council debate on "Strengthening women’s resilience and leadership as a path to peace in regions plagued by armed groups", to be held on 20 Oct. 2022.</subfield>
        </datafield>
        <datafield tag="650" ind1="1" ind2="7">
            <subfield code="2">unbist</subfield>
            <subfield code="a">WOMEN</subfield>
            <subfield code="0">(DHLAUTH)273032</subfield>
        </datafield>
        <datafield tag="650" ind1="1" ind2="7">
            <subfield code="2">unbist</subfield>
            <subfield code="a">WOMEN'S ADVANCEMENT</subfield>
            <subfield code="0">(DHLAUTH)273158</subfield>
        </datafield>
        <datafield tag="650" ind1="1" ind2="7">
            <subfield code="2">unbist</subfield>
            <subfield code="a">WOMEN IN ARMED CONFLICTS</subfield>
            <subfield code="0">(DHLAUTH)652111</subfield>
        </datafield>
        <datafield tag="650" ind1="1" ind2="7">
            <subfield code="2">unbist</subfield>
            <subfield code="a">PEACEKEEPING OPERATIONS</subfield>
            <subfield code="0">(DHLAUTH)474428</subfield>
        </datafield>
        <datafield tag="650" ind1="1" ind2="7">
            <subfield code="2">unbist</subfield>
            <subfield code="a">POLITICAL LEADERS</subfield>
            <subfield code="0">(DHLAUTH)605409</subfield>
        </datafield>
        <datafield tag="650" ind1="1" ind2="7">
            <subfield code="2">unbist</subfield>
            <subfield code="a">POLITICAL PARTICIPATION</subfield>
            <subfield code="0">(DHLAUTH)268475</subfield>
        </datafield>
        <datafield tag="650" ind1="1" ind2="7">
            <subfield code="2">unbist</subfield>
            <subfield code="a">GENDER EQUALITY</subfield>
            <subfield code="0">(DHLAUTH)441178</subfield>
        </datafield>
        <datafield tag="650" ind1="1" ind2="7">
            <subfield code="2">unbist</subfield>
            <subfield code="a">WAR PREVENTION</subfield>
            <subfield code="0">(DHLAUTH)268449</subfield>
        </datafield>
        <datafield tag="650" ind1="1" ind2="7">
            <subfield code="a">GENDER-BASED VIOLENCE</subfield>
            <subfield code="2">unbist</subfield>
            <subfield code="0">(DHLAUTH)276684</subfield>
        </datafield>
        <datafield tag="650" ind1="1" ind2="7">
            <subfield code="a">PEACEBUILDING</subfield>
            <subfield code="2">unbist</subfield>
            <subfield code="0">(DHLAUTH)268714</subfield>
        </datafield>
        <datafield tag="710" ind1="2" ind2=" ">
            <subfield code="a">Gabon</subfield>
            <subfield code="9">ms</subfield>
            <subfield code="0">(DHLAUTH)72237</subfield>
        </datafield>
        <datafield tag="856" ind1="4" ind2=" ">
            <subfield code="y">العربية</subfield>
            <subfield code="9">f9db5a50-01cb-4eb3-87b2-af46998a9bcf</subfield>
            <subfield code="s">226089</subfield>
            <subfield code="u">https://digitallibrary.un.org/record/3989922/files/S_2022_743-AR.pdf</subfield>
        </datafield>
        <datafield tag="856" ind1="4" ind2=" ">
            <subfield code="y">中文</subfield>
            <subfield code="9">9a7b2766-f1d7-4395-baf9-6cff4e548e2d</subfield>
            <subfield code="s">288707</subfield>
            <subfield code="u">https://digitallibrary.un.org/record/3989922/files/S_2022_743-ZH.pdf</subfield>
        </datafield>
        <datafield tag="856" ind1="4" ind2=" ">
            <subfield code="y">English</subfield>
            <subfield code="9">7730718a-9882-470a-a443-5ec07237ba70</subfield>
            <subfield code="s">177006</subfield>
            <subfield code="u">https://digitallibrary.un.org/record/3989922/files/S_2022_743-EN.pdf</subfield>
        </datafield>
        <datafield tag="856" ind1="4" ind2=" ">
            <subfield code="y">Français</subfield>
            <subfield code="9">084be08a-0873-41f2-bce3-78fbbc5e22c1</subfield>
            <subfield code="s">181647</subfield>
            <subfield code="u">https://digitallibrary.un.org/record/3989922/files/S_2022_743-FR.pdf</subfield>
        </datafield>
        <datafield tag="856" ind1="4" ind2=" ">
            <subfield code="y">Русский</subfield>
            <subfield code="9">b96f3027-68b2-49d0-9bb6-6f23e6e6e296</subfield>
            <subfield code="s">195104</subfield>
            <subfield code="u">https://digitallibrary.un.org/record/3989922/files/S_2022_743-RU.pdf</subfield>
        </datafield>
        <datafield tag="856" ind1="4" ind2=" ">
            <subfield code="y">Español</subfield>
            <subfield code="9">e0186560-bf0a-4bab-bd5c-8f2fc0c33e2b</subfield>
            <subfield code="s">177533</subfield>
            <subfield code="u">https://digitallibrary.un.org/record/3989922/files/S_2022_743-ES.pdf</subfield>
        </datafield>
        <datafield tag="930" ind1=" " ind2=" ">
            <subfield code="a">UNDOC22</subfield>
        </datafield>
        <datafield tag="980" ind1=" " ind2=" ">
            <subfield code="a">BIB</subfield>
        </datafield>
        <datafield tag="981" ind1=" " ind2=" ">
            <subfield code="a">Security Council</subfield>
        </datafield>
        <datafield tag="989" ind1=" " ind2=" ">
            <subfield code="a">Documents and Publications</subfield>
        </datafield>
        <datafield tag="991" ind1="3" ind2=" ">
            <subfield code="a">S/77</subfield>
            <subfield code="b">[201]</subfield>
            <subfield code="d">WOMEN IN ARMED CONFLICTS</subfield>
            <subfield code="z">I</subfield>
            <subfield code="0">(DHLAUTH)926052</subfield>
        </datafield>
        <datafield tag="992" ind1=" " ind2=" ">
            <subfield code="a">2022-10-04</subfield>
        </datafield>
        <datafield tag="998" ind1=" " ind2=" ">
            <subfield code="a">20221010081400</subfield>
            <subfield code="b">mmcat22</subfield>
            <subfield code="c">20221230134200</subfield>
            <subfield code="d">vwcat2</subfield>
            <subfield code="x">0x00010000cbb81d45</subfield>
            <subfield code="z">20221230184642</subfield>
        </datafield>
        <datafield tag="999" ind1=" " ind2=" ">
            <subfield code="a">mmq20221010</subfield>
            <subfield code="b">20221010</subfield>
            <subfield code="c">q</subfield>
        </datafield>
        <datafield tag="999" ind1=" " ind2=" ">
            <subfield code="a">vvc20221010</subfield>
            <subfield code="b">20221010</subfield>
            <subfield code="c">c</subfield>
        </datafield>
        <datafield tag="999" ind1=" " ind2=" ">
            <subfield code="a">aru20221027</subfield>
            <subfield code="b">20221027</subfield>
            <subfield code="c">u</subfield>
        </datafield>
        <datafield tag="999" ind1=" " ind2=" ">
            <subfield code="a">vwt20221230</subfield>
            <subfield code="b">20221230</subfield>
            <subfield code="c">t</subfield>
        </datafield>
    </record>