


<record>
  <controlfield tag="000">00540nam a22002295a 4500</controlfield>
  <controlfield tag="001">658973</controlfield>
  <controlfield tag="005">20190710174851.0</controlfield>
  <controlfield tag="008">090630s2009    usa    #r     |||1| eng d</controlfield>
  <datafield tag="035" ind1=" " ind2=" ">
    <subfield code="a">D896682X</subfield>
    <subfield code="z">D0365467</subfield>
  </datafield>
  <datafield tag="035" ind1=" " ind2=" ">
    <subfield code="a">(DHL)896682</subfield>
  </datafield>
  <datafield tag="039" ind1=" " ind2=" ">
    <subfield code="a">DHU</subfield>
  </datafield>
  <datafield tag="040" ind1=" " ind2=" ">
    <subfield code="a">NNUN</subfield>
    <subfield code="b">eng</subfield>
  </datafield>
  <datafield tag="041" ind1="0" ind2=" ">
    <subfield code="a">engfre</subfield>
  </datafield>
  <datafield tag="049" ind1=" " ind2=" ">
    <subfield code="a">usa</subfield>
  </datafield>
  <datafield tag="089" ind1=" " ind2=" ">
    <subfield code="b">B20</subfield>
  </datafield>
  <datafield tag="091" ind1=" " ind2=" ">
    <subfield code="a">GER</subfield>
  </datafield>
  <datafield tag="191" ind1=" " ind2=" ">
    <subfield code="a">[ST/DPI/PRESS/]SG/SM/12240</subfield>
    <subfield code="b">ST/DPI/PRESS/SG/SM/</subfield>
    <subfield code="q">STDPIPRESSSGSM12240</subfield>
    <subfield code="r">STDPIPRESSSGSM</subfield>
    <subfield code="0">(DHLAUTH)437977</subfield>
  </datafield>
  <datafield tag="191" ind1=" " ind2=" ">
    <subfield code="b">***</subfield>
    <subfield code="z">SG/SM/12240</subfield>
    <subfield code="q">SGSM12240</subfield>
    <subfield code="0">(DHLAUTH)325910</subfield>
  </datafield>
  <datafield tag="191" ind1=" " ind2=" ">
    <subfield code="a">[ST/DPI/PRESS/]OBV/785</subfield>
    <subfield code="b">ST/DPI/PRESS/OBV/</subfield>
    <subfield code="q">STDPIPRESSOBV785</subfield>
    <subfield code="r">STDPIPRESSOBV</subfield>
    <subfield code="0">(DHLAUTH)577682</subfield>
  </datafield>
  <datafield tag="191" ind1=" " ind2=" ">
    <subfield code="b">***</subfield>
    <subfield code="z">OBV/785</subfield>
    <subfield code="q">OBV785</subfield>
    <subfield code="0">(DHLAUTH)325910</subfield>
  </datafield>
  <datafield tag="191" ind1=" " ind2=" ">
    <subfield code="a">[ST/DPI/PRESS/]PKO/210</subfield>
    <subfield code="b">ST/DPI/PRESS/PKO/</subfield>
    <subfield code="q">STDPIPRESSPKO210</subfield>
    <subfield code="r">STDPIPRESSPKO</subfield>
    <subfield code="0">(DHLAUTH)452556</subfield>
  </datafield>
  <datafield tag="191" ind1=" " ind2=" ">
    <subfield code="b">***</subfield>
    <subfield code="z">PKO/210</subfield>
    <subfield code="q">PKO210</subfield>
    <subfield code="0">(DHLAUTH)325910</subfield>
  </datafield>
  <datafield tag="245" ind1="1" ind2="0">
    <subfield code="a">In message for International Day of Peacekeepers, 29 May, Secretary-General says 'Let us draw on the power of women to strengthen United Nations peacekeeping' :</subfield>
    <subfield code="b">[message, for the International Day of Peacekeepers (29 May), 13 May 2009] /</subfield>
    <subfield code="c">[by the UN Secretary-General]</subfield>
  </datafield>
  <datafield tag="260" ind1=" " ind2=" ">
    <subfield code="a">New York :</subfield>
    <subfield code="b">UN Dept. of Public Information,</subfield>
    <subfield code="c">13 May 2009</subfield>
  </datafield>
  <datafield tag="269" ind1=" " ind2=" ">
    <subfield code="a">2009-05-13</subfield>
  </datafield>
  <datafield tag="300" ind1=" " ind2=" ">
    <subfield code="a">2 p.</subfield>
  </datafield>
  <datafield tag="500" ind1=" " ind2=" ">
    <subfield code="a">Available also at the UN Press Releases and Meetings Coverage website (viewed 8 Dec. 2009).  </subfield>
  </datafield>
  <datafield tag="630" ind1="0" ind2="7">
    <subfield code="a">International Day of United Nations Peacekeepers (29 May)</subfield>
    <subfield code="2">unbisn</subfield>
    <subfield code="0">(DHLAUTH)631793</subfield>
  </datafield>
  <datafield tag="650" ind1="1" ind2="7">
    <subfield code="a">PEACEKEEPING OPERATIONS</subfield>
    <subfield code="2">unbist</subfield>
    <subfield code="0">(DHLAUTH)474428</subfield>
  </datafield>
  <datafield tag="650" ind1="1" ind2="7">
    <subfield code="a">GENDER EQUALITY</subfield>
    <subfield code="2">unbist</subfield>
    <subfield code="0">(DHLAUTH)441178</subfield>
  </datafield>
  <datafield tag="650" ind1="1" ind2="7">
    <subfield code="a">INTERNATIONAL DAYS</subfield>
    <subfield code="2">unbist</subfield>
    <subfield code="0">(DHLAUTH)268660</subfield>
  </datafield>
  <datafield tag="700" ind1="1" ind2=" ">
    <subfield code="a">Ban, Ki-moon, 1944-</subfield>
    <subfield code="0">(DHLAUTH)581006</subfield>
  </datafield>
  <datafield tag="710" ind1="2" ind2=" ">
    <subfield code="a">UN. Secretary-General</subfield>
    <subfield code="0">(DHLAUTH)10663</subfield>
  </datafield>
  <datafield tag="856" ind1="4" ind2="1">
    <subfield code="3">English</subfield>
    <subfield code="q">HTML</subfield>
    <subfield code="u">http://www.un.org/News/Press/docs/2009/sgsm12240.doc.htm</subfield>
  </datafield>
  <datafield tag="856" ind1="4" ind2="1">
    <subfield code="3">French</subfield>
    <subfield code="q">HTML</subfield>
    <subfield code="u">http://www.un.org/News/fr-press/docs/2009/SGSM12240.doc.htm</subfield>
  </datafield>
  <datafield tag="930" ind1=" " ind2=" ">
    <subfield code="a">UNDJU09</subfield>
  </datafield>
  <datafield tag="930" ind1=" " ind2=" ">
    <subfield code="a">SGS</subfield>
  </datafield>
  <datafield tag="930" ind1=" " ind2=" ">
    <subfield code="a">WWW</subfield>
  </datafield>
  <datafield tag="949" ind1=" " ind2=" ">
    <subfield code="9">ST/DPI/PRESS/PKO/210</subfield>
    <subfield code="b">1643535.5.1</subfield>
    <subfield code="i">1643535</subfield>
    <subfield code="k">unes</subfield>
    <subfield code="c">c. 1</subfield>
    <subfield code="l">DHL</subfield>
    <subfield code="z">t</subfield>
    <subfield code="m">14day</subfield>
    <subfield code="d">20090629200000</subfield>
  </datafield>
  <datafield tag="949" ind1=" " ind2=" ">
    <subfield code="9">ST/DPI/PRESS/OBV/785</subfield>
    <subfield code="b">1643533.3.1</subfield>
    <subfield code="i">1643533</subfield>
    <subfield code="k">unes</subfield>
    <subfield code="c">c. 1</subfield>
    <subfield code="l">DHL</subfield>
    <subfield code="z">t</subfield>
    <subfield code="m">14day</subfield>
    <subfield code="d">20090629200000</subfield>
  </datafield>
  <datafield tag="949" ind1=" " ind2=" ">
    <subfield code="9">ST/DPI/PRESS/PKO/210</subfield>
    <subfield code="b">1643536.6.1</subfield>
    <subfield code="i">1643536</subfield>
    <subfield code="k">unfs</subfield>
    <subfield code="c">c. 1</subfield>
    <subfield code="l">DHL</subfield>
    <subfield code="z">t</subfield>
    <subfield code="m">14day</subfield>
    <subfield code="d">20090629200000</subfield>
  </datafield>
  <datafield tag="949" ind1=" " ind2=" ">
    <subfield code="9">ST/DPI/PRESS/SG/SM/12240</subfield>
    <subfield code="b">1643532.2.1</subfield>
    <subfield code="i">1643532</subfield>
    <subfield code="k">unes</subfield>
    <subfield code="c">c. 2</subfield>
    <subfield code="l">DHL</subfield>
    <subfield code="z">t</subfield>
    <subfield code="m">14day</subfield>
    <subfield code="d">20090629200000</subfield>
  </datafield>
  <datafield tag="949" ind1=" " ind2=" ">
    <subfield code="9">ST/DPI/PRESS/SG/SM/12240</subfield>
    <subfield code="b">1643531.1.1</subfield>
    <subfield code="i">1643531</subfield>
    <subfield code="k">unfs</subfield>
    <subfield code="c">c. 1</subfield>
    <subfield code="l">DHL</subfield>
    <subfield code="z">t</subfield>
    <subfield code="m">14day</subfield>
    <subfield code="d">20090629200000</subfield>
  </datafield>
  <datafield tag="949" ind1=" " ind2=" ">
    <subfield code="9">ST/DPI/PRESS/SG/SM/12240</subfield>
    <subfield code="b">10000008966821</subfield>
    <subfield code="i">1643530</subfield>
    <subfield code="k">unes</subfield>
    <subfield code="c">c. 1</subfield>
    <subfield code="l">DHL</subfield>
    <subfield code="z">t</subfield>
    <subfield code="m">14day</subfield>
    <subfield code="d">20090629200000</subfield>
  </datafield>
  <datafield tag="949" ind1=" " ind2=" ">
    <subfield code="9">ST/DPI/PRESS/OBV/785</subfield>
    <subfield code="b">1643534.4.1</subfield>
    <subfield code="i">1643534</subfield>
    <subfield code="k">unfs</subfield>
    <subfield code="c">c. 1</subfield>
    <subfield code="l">DHL</subfield>
    <subfield code="z">t</subfield>
    <subfield code="m">14day</subfield>
    <subfield code="d">20090629200000</subfield>
  </datafield>
  <datafield tag="980" ind1=" " ind2=" ">
    <subfield code="a">BIB</subfield>
  </datafield>
  <datafield tag="981" ind1=" " ind2=" ">
    <subfield code="a">Secretariat</subfield>
  </datafield>
  <datafield tag="989" ind1=" " ind2=" ">
    <subfield code="a">Documents and Publications</subfield>
    <subfield code="b">Press Releases</subfield>
  </datafield>
  <datafield tag="998" ind1=" " ind2=" ">
    <subfield code="a">20090630121400</subfield>
    <subfield code="b">pnser</subfield>
    <subfield code="c">20161018102100</subfield>
    <subfield code="d">shkcat</subfield>
    <subfield code="z">20190710170946</subfield>
  </datafield>
  <datafield tag="999" ind1=" " ind2=" ">
    <subfield code="a">bcu20091211</subfield>
    <subfield code="b">20091211</subfield>
    <subfield code="c">u</subfield>
  </datafield>
  <datafield tag="999" ind1=" " ind2=" ">
    <subfield code="a">dgm20091124</subfield>
    <subfield code="b">20091124</subfield>
    <subfield code="c">m</subfield>
  </datafield>
  <datafield tag="999" ind1=" " ind2=" ">
    <subfield code="a">pnq20090630</subfield>
    <subfield code="b">20090630</subfield>
    <subfield code="c">q</subfield>
  </datafield>
  <datafield tag="999" ind1=" " ind2=" ">
    <subfield code="a">krp20090928</subfield>
    <subfield code="b">20090928</subfield>
    <subfield code="c">p</subfield>
  </datafield>
  <datafield tag="999" ind1=" " ind2=" ">
    <subfield code="a">yllc20091208</subfield>
    <subfield code="b">20091208</subfield>
    <subfield code="c">c</subfield>
  </datafield>
  <datafield tag="999" ind1=" " ind2=" ">
    <subfield code="a">yllr20091208</subfield>
    <subfield code="b">20091208</subfield>
    <subfield code="c">r</subfield>
  </datafield>
</record>