
<record>
  <controlfield tag="000">01653cam a2200505#  4500</controlfield>
  <controlfield tag="001">182323</controlfield>
  <controlfield tag="005">20190515142332.0</controlfield>
  <controlfield tag="008">940301s1994    usa     r           eng u</controlfield>
  <datafield tag="029" ind1=" " ind2=" ">
    <subfield code="a">JN</subfield>
    <subfield code="b">N9407504 E</subfield>
  </datafield>
  <datafield tag="035" ind1=" " ind2=" ">
    <subfield code="a">D338844X</subfield>
    <subfield code="z">I0103062</subfield>
    <subfield code="z">D0151955</subfield>
  </datafield>
  <datafield tag="035" ind1=" " ind2=" ">
    <subfield code="a">(DHL)338844</subfield>
  </datafield>
  <datafield tag="039" ind1=" " ind2=" ">
    <subfield code="a">DHU</subfield>
  </datafield>
  <datafield tag="040" ind1=" " ind2=" ">
    <subfield code="a">NNUN</subfield>
    <subfield code="b">eng</subfield>
  </datafield>
  <datafield tag="041" ind1=" " ind2=" ">
    <subfield code="a">arachiengfrerusspa</subfield>
  </datafield>
  <datafield tag="049" ind1=" " ind2=" ">
    <subfield code="a">usa</subfield>
  </datafield>
  <datafield tag="069" ind1=" " ind2=" ">
    <subfield code="a">HUR</subfield>
    <subfield code="b">0102</subfield>
  </datafield>
  <datafield tag="089" ind1=" " ind2=" ">
    <subfield code="a">Reports/letters (UN Secretary-General)</subfield>
    <subfield code="b">B15</subfield>
  </datafield>
  <datafield tag="089" ind1=" " ind2=" ">
    <subfield code="a">Reports/studies</subfield>
    <subfield code="b">B16</subfield>
  </datafield>
  <datafield tag="091" ind1=" " ind2=" ">
    <subfield code="a">GEN</subfield>
  </datafield>
  <datafield tag="099" ind1=" " ind2=" ">
    <subfield code="a">UNH</subfield>
    <subfield code="b">DHU</subfield>
  </datafield>
  <datafield tag="191" ind1=" " ind2=" ">
    <subfield code="a">S/1994/154</subfield>
    <subfield code="b">S/</subfield>
    <subfield code="c">49</subfield>
    <subfield code="d">S/</subfield>
    <subfield code="e">1994/154</subfield>
    <subfield code="f">009080</subfield>
    <subfield code="q">S1994154</subfield>
    <subfield code="r">S49</subfield>
    <subfield code="0">(DHLAUTH)423403</subfield>
  </datafield>
  <datafield tag="245" ind1="1" ind2="0">
    <subfield code="a">Report of the Secretary-General on the massacre of the civilian population in Stupni Do, Bosnia and Herzegovina.</subfield>
  </datafield>
  <datafield tag="260" ind1=" " ind2=" ">
    <subfield code="a">[New York] :</subfield>
    <subfield code="b">UN,</subfield>
    <subfield code="c">10 Feb. 1994.</subfield>
  </datafield>
  <datafield tag="269" ind1=" " ind2=" ">
    <subfield code="a">1994-02-01</subfield>
  </datafield>
  <datafield tag="300" ind1=" " ind2=" ">
    <subfield code="a">3 p.</subfield>
  </datafield>
  <datafield tag="610" ind1="2" ind2="7">
    <subfield code="a">UN Protection Force</subfield>
    <subfield code="0">(DHLAUTH)196286</subfield>
  </datafield>
  <datafield tag="610" ind1="2" ind2="7">
    <subfield code="a">International Tribunal for the Prosecution of Persons Responsible for Serious Violations of International Humanitarian Law Committed in the Territory of the Former Yugoslavia since 1991</subfield>
    <subfield code="0">(DHLAUTH)218251</subfield>
  </datafield>
  <datafield tag="650" ind1="0" ind2="7">
    <subfield code="a">ETHNIC CONFLICT</subfield>
    <subfield code="0">(DHLAUTH)268436</subfield>
  </datafield>
  <datafield tag="650" ind1="0" ind2="7">
    <subfield code="a">RAPE</subfield>
    <subfield code="0">(DHLAUTH)274502</subfield>
  </datafield>
  <datafield tag="650" ind1="0" ind2="7">
    <subfield code="a">ARMED INCIDENTS</subfield>
    <subfield code="0">(DHLAUTH)268830</subfield>
  </datafield>
  <datafield tag="650" ind1="0" ind2="7">
    <subfield code="a">CIVILIAN PERSONS</subfield>
    <subfield code="0">(DHLAUTH)274447</subfield>
  </datafield>
  <datafield tag="650" ind1="0" ind2="7">
    <subfield code="a">CROATS</subfield>
    <subfield code="0">(DHLAUTH)273220</subfield>
  </datafield>
  <datafield tag="650" ind1="0" ind2="7">
    <subfield code="a">MUSLIMS</subfield>
    <subfield code="0">(DHLAUTH)274430</subfield>
  </datafield>
  <datafield tag="650" ind1="0" ind2="7">
    <subfield code="a">PEACEKEEPING OPERATIONS</subfield>
    <subfield code="0">(DHLAUTH)474428</subfield>
  </datafield>
  <datafield tag="650" ind1="0" ind2="7">
    <subfield code="a">WOMEN</subfield>
    <subfield code="0">(DHLAUTH)273032</subfield>
  </datafield>
  <datafield tag="650" ind1="0" ind2="7">
    <subfield code="a">BOSNIA AND HERZEGOVINA SITUATION</subfield>
    <subfield code="0">(DHLAUTH)276491</subfield>
  </datafield>
  <datafield tag="650" ind1="0" ind2="7">
    <subfield code="a">CRIMINAL INVESTIGATION</subfield>
    <subfield code="0">(DHLAUTH)274486</subfield>
  </datafield>
  <datafield tag="650" ind1="0" ind2="7">
    <subfield code="a">HUMAN RIGHTS IN ARMED CONFLICTS</subfield>
    <subfield code="0">(DHLAUTH)268831</subfield>
  </datafield>
  <datafield tag="650" ind1="0" ind2="7">
    <subfield code="a">PROSECUTION</subfield>
    <subfield code="0">(DHLAUTH)269261</subfield>
  </datafield>
  <datafield tag="651" ind1="0" ind2="7">
    <subfield code="a">BOSNIA AND HERZEGOVINA</subfield>
    <subfield code="0">(DHLAUTH)275598</subfield>
  </datafield>
  <datafield tag="710" ind1="2" ind2="0">
    <subfield code="a">UN. Secretary-General</subfield>
    <subfield code="0">(DHLAUTH)10663</subfield>
  </datafield>
  <datafield tag="856" ind1="4" ind2=" ">
    <subfield code="y">العربية</subfield>
    <subfield code="s">66055</subfield>
    <subfield code="u">http://digitallibrary.un.org/record/182323/files/S_1994_154-AR.pdf</subfield>
  </datafield>
  <datafield tag="856" ind1="4" ind2=" ">
    <subfield code="y">English</subfield>
    <subfield code="s">15556</subfield>
    <subfield code="u">http://digitallibrary.un.org/record/182323/files/S_1994_154-EN.pdf</subfield>
  </datafield>
  <datafield tag="856" ind1="4" ind2=" ">
    <subfield code="y">Español</subfield>
    <subfield code="s">16740</subfield>
    <subfield code="u">http://digitallibrary.un.org/record/182323/files/S_1994_154-ES.pdf</subfield>
  </datafield>
  <datafield tag="856" ind1="4" ind2=" ">
    <subfield code="y">Français</subfield>
    <subfield code="s">21873</subfield>
    <subfield code="u">http://digitallibrary.un.org/record/182323/files/S_1994_154-FR.pdf</subfield>
  </datafield>
  <datafield tag="856" ind1="4" ind2=" ">
    <subfield code="y">Русский</subfield>
    <subfield code="s">40879</subfield>
    <subfield code="u">http://digitallibrary.un.org/record/182323/files/S_1994_154-RU.pdf</subfield>
  </datafield>
  <datafield tag="856" ind1="4" ind2=" ">
    <subfield code="y">中文</subfield>
    <subfield code="s">239376</subfield>
    <subfield code="u">http://digitallibrary.un.org/record/182323/files/S_1994_154-ZH.pdf</subfield>
  </datafield>
  <datafield tag="930" ind1=" " ind2=" ">
    <subfield code="a">UNDJUL94</subfield>
  </datafield>
  <datafield tag="930" ind1=" " ind2=" ">
    <subfield code="a">HUR</subfield>
    <subfield code="b">001419</subfield>
  </datafield>
  <datafield tag="930" ind1=" " ind2=" ">
    <subfield code="a">CHCMAR94</subfield>
  </datafield>
  <datafield tag="949" ind1=" " ind2=" ">
    <subfield code="9">S/1994/154</subfield>
    <subfield code="b">mq402787</subfield>
    <subfield code="i">402787</subfield>
    <subfield code="k">unes</subfield>
    <subfield code="l">DHL</subfield>
    <subfield code="z">i</subfield>
    <subfield code="m">vcirc</subfield>
    <subfield code="d">19961229190000</subfield>
  </datafield>
  <datafield tag="955" ind1=" " ind2=" ">
    <subfield code="a">16875600</subfield>
  </datafield>
  <datafield tag="980" ind1=" " ind2=" ">
    <subfield code="a">BIB</subfield>
  </datafield>
  <datafield tag="981" ind1=" " ind2=" ">
    <subfield code="a">Security Council</subfield>
  </datafield>
  <datafield tag="989" ind1=" " ind2=" ">
    <subfield code="a">Documents and Publications</subfield>
    <subfield code="b">Reports</subfield>
    <subfield code="c">Secretary-General's Reports</subfield>
  </datafield>
  <datafield tag="991" ind1="3" ind2=" ">
    <subfield code="a">S/49</subfield>
    <subfield code="b">[62]</subfield>
    <subfield code="d">BOSNIA AND HERZEGOVINA SITUATION</subfield>
    <subfield code="f">X00</subfield>
    <subfield code="0">(DHLAUTH)423461</subfield>
  </datafield>
  <datafield tag="991" ind1="3" ind2=" ">
    <subfield code="a">S/49</subfield>
    <subfield code="b">[60]</subfield>
    <subfield code="d">FORMER YUGOSLAVIA SITUATION</subfield>
    <subfield code="f">X00</subfield>
    <subfield code="0">(DHLAUTH)423460</subfield>
  </datafield>
  <datafield tag="998" ind1=" " ind2=" ">
    <subfield code="a">19961227190000</subfield>
    <subfield code="c">20190515082300</subfield>
    <subfield code="d">sh35cat</subfield>
    <subfield code="z">20190515140345</subfield>
  </datafield>
</record>