
<record>
  <controlfield tag="000">04113cam a2200745#a 4500</controlfield>
  <controlfield tag="001">459871</controlfield>
  <controlfield tag="005">20201228195506.0</controlfield>
  <controlfield tag="008">020318c2002    usa     r     00010 eng d</controlfield>
  <datafield tag="029" ind1=" " ind2=" ">
    <subfield code="a">JN</subfield>
    <subfield code="b">N0228893 E</subfield>
  </datafield>
  <datafield tag="035" ind1=" " ind2=" ">
    <subfield code="a">D670204X</subfield>
    <subfield code="z">D0273576</subfield>
  </datafield>
  <datafield tag="035" ind1=" " ind2=" ">
    <subfield code="a">(DHL)670204</subfield>
  </datafield>
  <datafield tag="039" ind1=" " ind2=" ">
    <subfield code="a">DHU</subfield>
  </datafield>
  <datafield tag="040" ind1=" " ind2=" ">
    <subfield code="a">NNUN</subfield>
    <subfield code="b">eng</subfield>
  </datafield>
  <datafield tag="041" ind1="0" ind2=" ">
    <subfield code="a">arachiengfrerusspa</subfield>
  </datafield>
  <datafield tag="049" ind1=" " ind2=" ">
    <subfield code="a">USA</subfield>
  </datafield>
  <datafield tag="089" ind1=" " ind2=" ">
    <subfield code="b">B17</subfield>
  </datafield>
  <datafield tag="091" ind1=" " ind2=" ">
    <subfield code="a">GEN</subfield>
  </datafield>
  <datafield tag="099" ind1=" " ind2=" ">
    <subfield code="a">UNH</subfield>
    <subfield code="b">DHU</subfield>
  </datafield>
  <datafield tag="191" ind1=" " ind2=" ">
    <subfield code="a">S/PRST/2002/6</subfield>
    <subfield code="b">S/</subfield>
    <subfield code="c">57</subfield>
    <subfield code="9">X15</subfield>
    <subfield code="f">4.3205</subfield>
    <subfield code="q">SPRST20026</subfield>
    <subfield code="r">S57</subfield>
    <subfield code="0">(DHLAUTH)616204</subfield>
  </datafield>
  <datafield tag="239" ind1="1" ind2="0">
    <subfield code="a">Statement [made on behalf of the Security Council, at the 4493rd meeting, 15 Mar. 2002, in connection with the Council's consideration of the item entitled "Protection of civilians in armed conflict"]</subfield>
  </datafield>
  <datafield tag="245" ind1="0" ind2="0">
    <subfield code="a">Statement /</subfield>
    <subfield code="c">by the President of the Security Council</subfield>
  </datafield>
  <datafield tag="260" ind1=" " ind2=" ">
    <subfield code="a">[New York] :</subfield>
    <subfield code="b">UN,</subfield>
    <subfield code="c">15 Mar. 2002</subfield>
  </datafield>
  <datafield tag="269" ind1=" " ind2=" ">
    <subfield code="a">2002-03-15</subfield>
  </datafield>
  <datafield tag="300" ind1=" " ind2=" ">
    <subfield code="a">8 p.</subfield>
  </datafield>
  <datafield tag="500" ind1=" " ind2=" ">
    <subfield code="a">"Annex: Aide Memoire : Protection of Civilians in Armed Conflict (4th draft)": p. 2-8.</subfield>
  </datafield>
  <datafield tag="520" ind1=" " ind2=" ">
    <subfield code="b">Transmits the Aide Memoire, adopted by the Security Council to facilitate its consideration of issues pertaining to protection of civilians.</subfield>
    <subfield code="9">DAA</subfield>
  </datafield>
  <datafield tag="610" ind1="2" ind2="7">
    <subfield code="a">UN. Security Council</subfield>
    <subfield code="2">unbisn</subfield>
    <subfield code="0">(DHLAUTH)50557</subfield>
  </datafield>
  <datafield tag="650" ind1="1" ind2="7">
    <subfield code="a">CIVILIAN PERSONS</subfield>
    <subfield code="2">unbist</subfield>
    <subfield code="0">(DHLAUTH)274447</subfield>
  </datafield>
  <datafield tag="650" ind1="1" ind2="7">
    <subfield code="a">ARMED CONFLICTS</subfield>
    <subfield code="2">unbist</subfield>
    <subfield code="0">(DHLAUTH)268752</subfield>
  </datafield>
  <datafield tag="650" ind1="1" ind2="7">
    <subfield code="a">HUMAN RIGHTS IN ARMED CONFLICTS</subfield>
    <subfield code="2">unbist</subfield>
    <subfield code="0">(DHLAUTH)268831</subfield>
  </datafield>
  <datafield tag="650" ind1="1" ind2="7">
    <subfield code="a">PEACEKEEPING OPERATIONS</subfield>
    <subfield code="2">unbist</subfield>
    <subfield code="0">(DHLAUTH)474428</subfield>
  </datafield>
  <datafield tag="650" ind1="2" ind2="7">
    <subfield code="a">WAR PREVENTION</subfield>
    <subfield code="2">unbist</subfield>
    <subfield code="0">(DHLAUTH)268449</subfield>
  </datafield>
  <datafield tag="650" ind1="2" ind2="7">
    <subfield code="a">DISPUTE SETTLEMENT</subfield>
    <subfield code="2">unbist</subfield>
    <subfield code="0">(DHLAUTH)268292</subfield>
  </datafield>
  <datafield tag="650" ind1="2" ind2="7">
    <subfield code="a">HUMANITARIAN ASSISTANCE</subfield>
    <subfield code="2">unbist</subfield>
    <subfield code="0">(DHLAUTH)268768</subfield>
  </datafield>
  <datafield tag="650" ind1="2" ind2="7">
    <subfield code="a">REFUGEES</subfield>
    <subfield code="2">unbist</subfield>
    <subfield code="0">(DHLAUTH)273031</subfield>
  </datafield>
  <datafield tag="650" ind1="2" ind2="7">
    <subfield code="a">DISPLACED PERSONS</subfield>
    <subfield code="2">unbist</subfield>
    <subfield code="0">(DHLAUTH)273028</subfield>
  </datafield>
  <datafield tag="650" ind1="2" ind2="7">
    <subfield code="a">IMPUNITY</subfield>
    <subfield code="2">unbist</subfield>
    <subfield code="0">(DHLAUTH)269413</subfield>
  </datafield>
  <datafield tag="650" ind1="2" ind2="7">
    <subfield code="a">CONFIDENCE-BUILDING MEASURES</subfield>
    <subfield code="2">unbist</subfield>
    <subfield code="0">(DHLAUTH)268594</subfield>
  </datafield>
  <datafield tag="650" ind1="2" ind2="7">
    <subfield code="a">LAW ENFORCEMENT</subfield>
    <subfield code="2">unbist</subfield>
    <subfield code="0">(DHLAUTH)274592</subfield>
  </datafield>
  <datafield tag="650" ind1="2" ind2="7">
    <subfield code="a">MILITARY DEMOBILIZATION</subfield>
    <subfield code="2">unbist</subfield>
    <subfield code="0">(DHLAUTH)268842</subfield>
  </datafield>
  <datafield tag="650" ind1="2" ind2="7">
    <subfield code="a">SMALL ARMS</subfield>
    <subfield code="2">unbist</subfield>
    <subfield code="0">(DHLAUTH)476624</subfield>
  </datafield>
  <datafield tag="650" ind1="2" ind2="7">
    <subfield code="a">LANDMINES</subfield>
    <subfield code="2">unbist</subfield>
    <subfield code="0">(DHLAUTH)462237</subfield>
  </datafield>
  <datafield tag="650" ind1="2" ind2="7">
    <subfield code="a">WOMEN</subfield>
    <subfield code="2">unbist</subfield>
    <subfield code="0">(DHLAUTH)273032</subfield>
  </datafield>
  <datafield tag="650" ind1="2" ind2="7">
    <subfield code="a">CHILDREN IN ARMED CONFLICTS</subfield>
    <subfield code="2">unbist</subfield>
    <subfield code="0">(DHLAUTH)276638</subfield>
  </datafield>
  <datafield tag="650" ind1="2" ind2="7">
    <subfield code="a">RELIEF PERSONNEL</subfield>
    <subfield code="2">unbist</subfield>
    <subfield code="0">(DHLAUTH)276631</subfield>
  </datafield>
  <datafield tag="650" ind1="2" ind2="7">
    <subfield code="a">MASS MEDIA</subfield>
    <subfield code="2">unbist</subfield>
    <subfield code="0">(DHLAUTH)272747</subfield>
  </datafield>
  <datafield tag="650" ind1="2" ind2="7">
    <subfield code="a">INFORMATION MANAGEMENT</subfield>
    <subfield code="2">unbist</subfield>
    <subfield code="0">(DHLAUTH)275145</subfield>
  </datafield>
  <datafield tag="650" ind1="2" ind2="7">
    <subfield code="a">NATURAL RESOURCES</subfield>
    <subfield code="2">unbist</subfield>
    <subfield code="0">(DHLAUTH)270548</subfield>
  </datafield>
  <datafield tag="650" ind1="2" ind2="7">
    <subfield code="a">SANCTIONS</subfield>
    <subfield code="2">unbist</subfield>
    <subfield code="0">(DHLAUTH)9840</subfield>
  </datafield>
  <datafield tag="710" ind1="2" ind2=" ">
    <subfield code="a">UN. Security Council (57th year : 2002). President</subfield>
    <subfield code="0">(DHLAUTH)616383</subfield>
  </datafield>
  <datafield tag="856" ind1="4" ind2=" ">
    <subfield code="y">العربية</subfield>
    <subfield code="9">93c61739-2138-4c2a-aaf9-314eeb0e6468</subfield>
    <subfield code="s">126235</subfield>
    <subfield code="u">http://digitallibrary.un.org/record/459871/files/S_PRST_2002_6-AR.pdf</subfield>
  </datafield>
  <datafield tag="856" ind1="4" ind2=" ">
    <subfield code="y">Other</subfield>
    <subfield code="9">72a83646-a60e-4dff-a65b-db7820a313e0</subfield>
    <subfield code="s">71715</subfield>
    <subfield code="u">http://digitallibrary.un.org/record/459871/files/S_PRST_2002_6-DE.pdf</subfield>
  </datafield>
  <datafield tag="856" ind1="4" ind2=" ">
    <subfield code="y">English</subfield>
    <subfield code="9">6f4b38ba-2409-4173-86e4-eb04756d4813</subfield>
    <subfield code="s">631888</subfield>
    <subfield code="u">http://digitallibrary.un.org/record/459871/files/S_PRST_2002_6-EN.pdf</subfield>
  </datafield>
  <datafield tag="856" ind1="4" ind2=" ">
    <subfield code="y">Español</subfield>
    <subfield code="9">d25e7f14-d8a7-40cc-bed5-bebb50be9e7d</subfield>
    <subfield code="s">131563</subfield>
    <subfield code="u">http://digitallibrary.un.org/record/459871/files/S_PRST_2002_6-ES.pdf</subfield>
  </datafield>
  <datafield tag="856" ind1="4" ind2=" ">
    <subfield code="y">Français</subfield>
    <subfield code="9">bb030b70-291f-4066-8dcc-a03fac46e5b8</subfield>
    <subfield code="s">64227</subfield>
    <subfield code="u">http://digitallibrary.un.org/record/459871/files/S_PRST_2002_6-FR.pdf</subfield>
  </datafield>
  <datafield tag="856" ind1="4" ind2=" ">
    <subfield code="y">Русский</subfield>
    <subfield code="9">f18bf92b-5fe1-4a2f-9e60-285183970e03</subfield>
    <subfield code="s">205517</subfield>
    <subfield code="u">http://digitallibrary.un.org/record/459871/files/S_PRST_2002_6-RU.pdf</subfield>
  </datafield>
  <datafield tag="856" ind1="4" ind2=" ">
    <subfield code="y">中文</subfield>
    <subfield code="9">67ce1430-3536-4130-a39a-fa1c8ac4ffbf</subfield>
    <subfield code="s">313778</subfield>
    <subfield code="u">http://digitallibrary.un.org/record/459871/files/S_PRST_2002_6-ZH.pdf</subfield>
  </datafield>
  <datafield tag="930" ind1=" " ind2=" ">
    <subfield code="a">DAA</subfield>
  </datafield>
  <datafield tag="930" ind1=" " ind2=" ">
    <subfield code="a">UNDMA02</subfield>
  </datafield>
  <datafield tag="930" ind1=" " ind2=" ">
    <subfield code="a">UDIQ401</subfield>
    <subfield code="b">4.3205</subfield>
  </datafield>
  <datafield tag="980" ind1=" " ind2=" ">
    <subfield code="a">BIB</subfield>
  </datafield>
  <datafield tag="981" ind1=" " ind2=" ">
    <subfield code="a">Security Council</subfield>
  </datafield>
  <datafield tag="989" ind1=" " ind2=" ">
    <subfield code="a">Documents and Publications</subfield>
    <subfield code="b">Resolutions and Decisions</subfield>
    <subfield code="c">Presidential Statements</subfield>
  </datafield>
  <datafield tag="991" ind1="3" ind2=" ">
    <subfield code="a">S/57</subfield>
    <subfield code="b">[189]</subfield>
    <subfield code="d">CIVILIAN PERSONS--ARMED CONFLICTS</subfield>
    <subfield code="z">I0172233</subfield>
    <subfield code="0">(DHLAUTH)616154</subfield>
  </datafield>
  <datafield tag="993" ind1="4" ind2=" ">
    <subfield code="a">S/PV.4493</subfield>
  </datafield>
  <datafield tag="995" ind1=" " ind2=" ">
    <subfield code="a">Reaffirms its concern at the hardships borne by civilians during armed conflict, and recognizes the consequent impact this has on durable peace, reconciliation and development, bearing in mind its primary responsibility under the Charter of the UN for the maintenance of international peace and security, and underlining the importance of taking measures aimed at conflict prevention and resolution; adopts the Aide Memoire contained in the annex to the presidential statement as a means to facilitate its consideration of issues pertaining to protection of civilians; further emphasizes the need, when considering ways to provide for the protection of civilians in armed conflict, to proceed on a case-by-case basis, taking into account the particular circumstances.</subfield>
  </datafield>
  <datafield tag="998" ind1=" " ind2=" ">
    <subfield code="a">20020318000000</subfield>
    <subfield code="b">nmcs</subfield>
    <subfield code="c">20201228150500</subfield>
    <subfield code="d">ffcat1</subfield>
    <subfield code="x">0x00010000c23c0916</subfield>
    <subfield code="z">20201228235823</subfield>
  </datafield>
  <datafield tag="999" ind1=" " ind2=" ">
    <subfield code="a">ffu20201202</subfield>
    <subfield code="b">20201202</subfield>
    <subfield code="c">u</subfield>
  </datafield>
  <datafield tag="999" ind1=" " ind2=" ">
    <subfield code="a">pgu20030114</subfield>
    <subfield code="b">20030114</subfield>
    <subfield code="c">u</subfield>
  </datafield>
  <datafield tag="999" ind1=" " ind2=" ">
    <subfield code="a">kku20020320</subfield>
    <subfield code="b">20020320</subfield>
    <subfield code="c">u</subfield>
  </datafield>
  <datafield tag="999" ind1=" " ind2=" ">
    <subfield code="a">SLa20020319</subfield>
    <subfield code="b">20020319</subfield>
    <subfield code="c">a</subfield>
  </datafield>
  <datafield tag="999" ind1=" " ind2=" ">
    <subfield code="a">nmq20020318</subfield>
    <subfield code="b">20020318</subfield>
    <subfield code="c">q</subfield>
  </datafield>
  <datafield tag="999" ind1=" " ind2=" ">
    <subfield code="a">alac20020319</subfield>
    <subfield code="b">20020319</subfield>
    <subfield code="c">c</subfield>
  </datafield>
  <datafield tag="999" ind1=" " ind2=" ">
    <subfield code="a">TAr20020320</subfield>
    <subfield code="b">20020320</subfield>
    <subfield code="c">r</subfield>
  </datafield>
</record>