
<record>
  <controlfield tag="000">02972cam  2200697#a 450</controlfield>
  <controlfield tag="001">459947</controlfield>
  <controlfield tag="005">20191105174530.0</controlfield>
  <controlfield tag="008">020320c2002    usa     r     00010 eng d</controlfield>
  <datafield tag="029" ind1=" " ind2=" ">
    <subfield code="a">JN</subfield>
    <subfield code="b">N0228518 E</subfield>
  </datafield>
  <datafield tag="035" ind1=" " ind2=" ">
    <subfield code="a">D670289X</subfield>
    <subfield code="z">D0272651</subfield>
  </datafield>
  <datafield tag="035" ind1=" " ind2=" ">
    <subfield code="a">(DHL)670289</subfield>
  </datafield>
  <datafield tag="039" ind1=" " ind2=" ">
    <subfield code="a">DHU</subfield>
  </datafield>
  <datafield tag="040" ind1=" " ind2=" ">
    <subfield code="a">NNUN</subfield>
    <subfield code="b">eng</subfield>
  </datafield>
  <datafield tag="041" ind1="0" ind2=" ">
    <subfield code="a">arachiengfrerusspa</subfield>
  </datafield>
  <datafield tag="049" ind1=" " ind2=" ">
    <subfield code="a">USA</subfield>
  </datafield>
  <datafield tag="089" ind1=" " ind2=" ">
    <subfield code="b">B15</subfield>
  </datafield>
  <datafield tag="089" ind1=" " ind2=" ">
    <subfield code="b">B16</subfield>
  </datafield>
  <datafield tag="089" ind1=" " ind2=" ">
    <subfield code="b">B11</subfield>
  </datafield>
  <datafield tag="091" ind1=" " ind2=" ">
    <subfield code="a">GEN</subfield>
  </datafield>
  <datafield tag="099" ind1=" " ind2=" ">
    <subfield code="a">UNH</subfield>
    <subfield code="b">DHU</subfield>
  </datafield>
  <datafield tag="191" ind1=" " ind2=" ">
    <subfield code="a">S/2002/267</subfield>
    <subfield code="b">S/</subfield>
    <subfield code="c">57</subfield>
    <subfield code="9">X00</subfield>
    <subfield code="f">4.3109</subfield>
    <subfield code="q">S2002267</subfield>
    <subfield code="r">S57</subfield>
    <subfield code="0">616204</subfield>
  </datafield>
  <datafield tag="245" ind1="1" ind2="0">
    <subfield code="a">Thirteenth report of the Secretary-General on the United Nations Mission in Sierra Leone</subfield>
  </datafield>
  <datafield tag="260" ind1=" " ind2=" ">
    <subfield code="a">[New York] :</subfield>
    <subfield code="b">UN,</subfield>
    <subfield code="c">14 Mar. 2002</subfield>
  </datafield>
  <datafield tag="269" ind1=" " ind2=" ">
    <subfield code="a">2002-03-14</subfield>
  </datafield>
  <datafield tag="300" ind1=" " ind2=" ">
    <subfield code="a">15 p. :</subfield>
    <subfield code="b">map, table</subfield>
  </datafield>
  <datafield tag="500" ind1=" " ind2=" ">
    <subfield code="a">Includes#UN map no. 4132 rev.19: UNAMSIL deployment as of 8 March 2002#(Mar. 2002).</subfield>
  </datafield>
  <datafield tag="520" ind1=" " ind2=" ">
    <subfield code="b">Covers developments since the 12th report (S/2001/1195), dated 13 Dec. 2001. Includes sections on the following: political developments; military and security situation; disarmament, demobilization and reintegration; governance and stabilization; elections; human rights and humanitarian aspects; economic developments; and financial aspects. Includes observations and recommendations. A table showing contributions to the UN Mission in Sierra Leone (UNAMSIL) as at 8 Mar. 2002 is attached.</subfield>
    <subfield code="9">DAA</subfield>
  </datafield>
  <datafield tag="610" ind1="2" ind2="4">
    <subfield code="a">UN Mission in Sierra Leone</subfield>
    <subfield code="0">554615</subfield>
  </datafield>
  <datafield tag="610" ind1="2" ind2="7">
    <subfield code="a">Revolutionary United Front of Sierra Leone</subfield>
    <subfield code="2">unbisn</subfield>
    <subfield code="0">465372</subfield>
  </datafield>
  <datafield tag="610" ind1="2" ind2="7">
    <subfield code="a">UN. Special Representative of the Secretary-General for Sierra Leone</subfield>
    <subfield code="2">unbisn</subfield>
    <subfield code="0">514116</subfield>
  </datafield>
  <datafield tag="610" ind1="2" ind2="7">
    <subfield code="a">Economic Community of West African States</subfield>
    <subfield code="2">unbisn</subfield>
    <subfield code="0">19189</subfield>
  </datafield>
  <datafield tag="630" ind1="0" ind2="7">
    <subfield code="a">Abuja Agreement to Supplement the Cotonou and Akosombo Agreements as Subsequently Clarified by the Accra Agreement (1995)</subfield>
    <subfield code="2">unbisn</subfield>
    <subfield code="0">280477</subfield>
  </datafield>
  <datafield tag="650" ind1="1" ind2="7">
    <subfield code="a">PEACEKEEPING OPERATIONS</subfield>
    <subfield code="2">unbist</subfield>
    <subfield code="0">474428</subfield>
  </datafield>
  <datafield tag="650" ind1="1" ind2="7">
    <subfield code="a">POLITICAL CONDITIONS</subfield>
    <subfield code="2">unbist</subfield>
    <subfield code="0">268326</subfield>
  </datafield>
  <datafield tag="650" ind1="1" ind2="7">
    <subfield code="a">INTERNAL SECURITY</subfield>
    <subfield code="2">unbist</subfield>
    <subfield code="0">268398</subfield>
  </datafield>
  <datafield tag="650" ind1="1" ind2="7">
    <subfield code="a">MILITARY DEMOBILIZATION</subfield>
    <subfield code="2">unbist</subfield>
    <subfield code="0">268842</subfield>
  </datafield>
  <datafield tag="650" ind1="1" ind2="7">
    <subfield code="a">ELECTIONS</subfield>
    <subfield code="2">unbist</subfield>
    <subfield code="0">268341</subfield>
  </datafield>
  <datafield tag="650" ind1="1" ind2="7">
    <subfield code="a">HUMAN RIGHTS</subfield>
    <subfield code="2">unbist</subfield>
    <subfield code="0">274431</subfield>
  </datafield>
  <datafield tag="650" ind1="2" ind2="7">
    <subfield code="a">LIBERIA SITUATION</subfield>
    <subfield code="2">unbist</subfield>
    <subfield code="0">275498</subfield>
  </datafield>
  <datafield tag="650" ind1="2" ind2="7">
    <subfield code="a">CONFERENCES</subfield>
    <subfield code="2">unbist</subfield>
    <subfield code="0">275758</subfield>
  </datafield>
  <datafield tag="650" ind1="2" ind2="7">
    <subfield code="a">ARMED INCIDENTS</subfield>
    <subfield code="2">unbist</subfield>
    <subfield code="0">268830</subfield>
  </datafield>
  <datafield tag="650" ind1="2" ind2="7">
    <subfield code="a">GOVERNANCE</subfield>
    <subfield code="2">unbist</subfield>
    <subfield code="0">276686</subfield>
  </datafield>
  <datafield tag="650" ind1="2" ind2="7">
    <subfield code="a">WOMEN</subfield>
    <subfield code="2">unbist</subfield>
    <subfield code="0">273032</subfield>
  </datafield>
  <datafield tag="650" ind1="2" ind2="7">
    <subfield code="a">CHILDREN</subfield>
    <subfield code="2">unbist</subfield>
    <subfield code="0">269400</subfield>
  </datafield>
  <datafield tag="650" ind1="2" ind2="7">
    <subfield code="a">HUMANITARIAN ASSISTANCE</subfield>
    <subfield code="2">unbist</subfield>
    <subfield code="0">268768</subfield>
  </datafield>
  <datafield tag="650" ind1="2" ind2="7">
    <subfield code="a">REFUGEES</subfield>
    <subfield code="2">unbist</subfield>
    <subfield code="0">273031</subfield>
  </datafield>
  <datafield tag="650" ind1="2" ind2="7">
    <subfield code="a">DISPLACED PERSONS</subfield>
    <subfield code="2">unbist</subfield>
    <subfield code="0">273028</subfield>
  </datafield>
  <datafield tag="650" ind1="2" ind2="7">
    <subfield code="a">RESETTLEMENT</subfield>
    <subfield code="2">unbist</subfield>
    <subfield code="0">273010</subfield>
  </datafield>
  <datafield tag="650" ind1="2" ind2="7">
    <subfield code="a">POVERTY MITIGATION</subfield>
    <subfield code="2">unbist</subfield>
    <subfield code="0">274700</subfield>
  </datafield>
  <datafield tag="650" ind1="2" ind2="7">
    <subfield code="a">RECOMMENDATIONS</subfield>
    <subfield code="2">unbist</subfield>
    <subfield code="0">275840</subfield>
  </datafield>
  <datafield tag="651" ind1="1" ind2="7">
    <subfield code="a">SIERRA LEONE</subfield>
    <subfield code="2">unbist</subfield>
    <subfield code="0">273471</subfield>
  </datafield>
  <datafield tag="710" ind1="2" ind2=" ">
    <subfield code="a">UN. Secretary-General</subfield>
    <subfield code="0">10663</subfield>
  </datafield>
  <datafield tag="740" ind1="0" ind2=" ">
    <subfield code="a">13th report of the Secretary-General on the United Nations Mission in Sierra Leone</subfield>
  </datafield>
  <datafield tag="856" ind1="4" ind2=" ">
    <subfield code="y">العربية</subfield>
    <subfield code="s">214660</subfield>
    <subfield code="u">http://digitallibrary.un.org/record/459947/files/S_2002_267-AR.pdf</subfield>
  </datafield>
  <datafield tag="856" ind1="4" ind2=" ">
    <subfield code="y">English</subfield>
    <subfield code="s">128038</subfield>
    <subfield code="u">http://digitallibrary.un.org/record/459947/files/S_2002_267-EN.pdf</subfield>
  </datafield>
  <datafield tag="856" ind1="4" ind2=" ">
    <subfield code="y">Español</subfield>
    <subfield code="s">190313</subfield>
    <subfield code="u">http://digitallibrary.un.org/record/459947/files/S_2002_267-ES.pdf</subfield>
  </datafield>
  <datafield tag="856" ind1="4" ind2=" ">
    <subfield code="y">Français</subfield>
    <subfield code="s">128841</subfield>
    <subfield code="u">http://digitallibrary.un.org/record/459947/files/S_2002_267-FR.pdf</subfield>
  </datafield>
  <datafield tag="856" ind1="4" ind2=" ">
    <subfield code="y">Русский</subfield>
    <subfield code="s">344841</subfield>
    <subfield code="u">http://digitallibrary.un.org/record/459947/files/S_2002_267-RU.pdf</subfield>
  </datafield>
  <datafield tag="856" ind1="4" ind2=" ">
    <subfield code="y">中文</subfield>
    <subfield code="s">1115902</subfield>
    <subfield code="u">http://digitallibrary.un.org/record/459947/files/S_2002_267-ZH.pdf</subfield>
  </datafield>
  <datafield tag="930" ind1=" " ind2=" ">
    <subfield code="a">DAA</subfield>
  </datafield>
  <datafield tag="930" ind1=" " ind2=" ">
    <subfield code="a">UNDMA02</subfield>
  </datafield>
  <datafield tag="930" ind1=" " ind2=" ">
    <subfield code="a">UDIQ401</subfield>
    <subfield code="b">4.3109</subfield>
  </datafield>
  <datafield tag="949" ind1=" " ind2=" ">
    <subfield code="9">S/2002/267</subfield>
    <subfield code="b">1030893.2.1</subfield>
    <subfield code="i">1030893</subfield>
    <subfield code="k">unss</subfield>
    <subfield code="c">c. 1</subfield>
    <subfield code="l">DHL</subfield>
    <subfield code="z">t</subfield>
    <subfield code="m">14day</subfield>
    <subfield code="d">20020408200000</subfield>
  </datafield>
  <datafield tag="949" ind1=" " ind2=" ">
    <subfield code="9">S/2002/267</subfield>
    <subfield code="b">1030895.4.1</subfield>
    <subfield code="i">1030895</subfield>
    <subfield code="k">unas</subfield>
    <subfield code="c">c. 1</subfield>
    <subfield code="l">DHL</subfield>
    <subfield code="z">t</subfield>
    <subfield code="m">14day</subfield>
    <subfield code="d">20020408200000</subfield>
  </datafield>
  <datafield tag="949" ind1=" " ind2=" ">
    <subfield code="9">S/2002/267</subfield>
    <subfield code="b">1030892.1.1</subfield>
    <subfield code="i">1030892</subfield>
    <subfield code="k">unfs</subfield>
    <subfield code="c">c. 1</subfield>
    <subfield code="l">DHL</subfield>
    <subfield code="z">t</subfield>
    <subfield code="m">14day</subfield>
    <subfield code="d">20020408200000</subfield>
  </datafield>
  <datafield tag="949" ind1=" " ind2=" ">
    <subfield code="9">S/2002/267</subfield>
    <subfield code="b">6702891</subfield>
    <subfield code="i">1030891</subfield>
    <subfield code="k">unes</subfield>
    <subfield code="c">c. 1</subfield>
    <subfield code="l">DHL</subfield>
    <subfield code="z">t</subfield>
    <subfield code="m">14day</subfield>
    <subfield code="d">20020408200000</subfield>
  </datafield>
  <datafield tag="949" ind1=" " ind2=" ">
    <subfield code="9">S/2002/267</subfield>
    <subfield code="b">1030896.5.1</subfield>
    <subfield code="i">1030896</subfield>
    <subfield code="k">uncs</subfield>
    <subfield code="c">c. 1</subfield>
    <subfield code="l">DHL</subfield>
    <subfield code="z">t</subfield>
    <subfield code="m">14day</subfield>
    <subfield code="d">20020408200000</subfield>
  </datafield>
  <datafield tag="949" ind1=" " ind2=" ">
    <subfield code="9">S/2002/267</subfield>
    <subfield code="b">1030894.3.1</subfield>
    <subfield code="i">1030894</subfield>
    <subfield code="k">unrs</subfield>
    <subfield code="c">c. 1</subfield>
    <subfield code="l">DHL</subfield>
    <subfield code="z">t</subfield>
    <subfield code="m">14day</subfield>
    <subfield code="d">20020408200000</subfield>
  </datafield>
  <datafield tag="980" ind1=" " ind2=" ">
    <subfield code="a">BIB</subfield>
  </datafield>
  <datafield tag="981" ind1=" " ind2=" ">
    <subfield code="a">Security Council</subfield>
  </datafield>
  <datafield tag="989" ind1=" " ind2=" ">
    <subfield code="a">Documents and Publications</subfield>
    <subfield code="b">Reports</subfield>
    <subfield code="c">Secretary-General's Reports</subfield>
  </datafield>
  <datafield tag="991" ind1="3" ind2=" ">
    <subfield code="a">S/57</subfield>
    <subfield code="b">[171]</subfield>
    <subfield code="d">SIERRA LEONE--POLITICAL CONDITIONS</subfield>
    <subfield code="z">I0172286</subfield>
    <subfield code="0">(DHLAUTH)616144</subfield>
  </datafield>
  <datafield tag="991" ind1="3" ind2=" ">
    <subfield code="a">S/57</subfield>
    <subfield code="b">[172]</subfield>
    <subfield code="d">UN MISSION IN SIERRA LEONE</subfield>
    <subfield code="z">I0172286</subfield>
    <subfield code="0">(DHLAUTH)616145</subfield>
  </datafield>
  <datafield tag="998" ind1=" " ind2=" ">
    <subfield code="a">20020319200000</subfield>
    <subfield code="b">nmcs</subfield>
    <subfield code="c">20160728064800</subfield>
    <subfield code="d">shkcat</subfield>
    <subfield code="z">20180328180611</subfield>
  </datafield>
  <datafield tag="999" ind1=" " ind2=" ">
    <subfield code="a">pgt20020321</subfield>
    <subfield code="b">20020321</subfield>
    <subfield code="c">t</subfield>
  </datafield>
  <datafield tag="999" ind1=" " ind2=" ">
    <subfield code="a">SLa20020320</subfield>
    <subfield code="b">20020320</subfield>
    <subfield code="c">a</subfield>
  </datafield>
  <datafield tag="999" ind1=" " ind2=" ">
    <subfield code="a">nmq20020320</subfield>
    <subfield code="b">20020320</subfield>
    <subfield code="c">q</subfield>
  </datafield>
  <datafield tag="999" ind1=" " ind2=" ">
    <subfield code="a">nmi20020409</subfield>
    <subfield code="b">20020409</subfield>
    <subfield code="c">i</subfield>
  </datafield>
  <datafield tag="999" ind1=" " ind2=" ">
    <subfield code="a">alac20020320</subfield>
    <subfield code="b">20020320</subfield>
    <subfield code="c">c</subfield>
  </datafield>
  <datafield tag="999" ind1=" " ind2=" ">
    <subfield code="a">TAr20020322</subfield>
    <subfield code="b">20020322</subfield>
    <subfield code="c">r</subfield>
  </datafield>
</record>