
<record>
  <controlfield tag="000">01681cam\\2200481#\\4500</controlfield>
  <controlfield tag="001">240522</controlfield>
  <controlfield tag="005">20191031123538.0</controlfield>
  <controlfield tag="008">970718s1997\\\\usa\\\\\r\\\\\\\\\\\eng\u</controlfield>
  <datafield tag="029" ind1=" " ind2=" ">
    <subfield code="a">JN</subfield>
    <subfield code="b">N9717930 E</subfield>
  </datafield>
  <datafield tag="035" ind1=" " ind2=" ">
    <subfield code="a">D416564X</subfield>
    <subfield code="z">D0213232</subfield>
  </datafield>
  <datafield tag="035" ind1=" " ind2=" ">
    <subfield code="a">(DHL)416564</subfield>
  </datafield>
  <datafield tag="039" ind1=" " ind2=" ">
    <subfield code="a">DHU</subfield>
  </datafield>
  <datafield tag="040" ind1=" " ind2=" ">
    <subfield code="a">NNUN</subfield>
    <subfield code="b">eng</subfield>
  </datafield>
  <datafield tag="041" ind1=" " ind2=" ">
    <subfield code="a">arachiengfrerusspa</subfield>
  </datafield>
  <datafield tag="049" ind1=" " ind2=" ">
    <subfield code="a">usa</subfield>
  </datafield>
  <datafield tag="089" ind1=" " ind2=" ">
    <subfield code="a">Reports/letters (UN Secretary-General)</subfield>
    <subfield code="b">B15</subfield>
  </datafield>
  <datafield tag="089" ind1=" " ind2=" ">
    <subfield code="a">Reports/studies</subfield>
    <subfield code="b">B16</subfield>
  </datafield>
  <datafield tag="089" ind1=" " ind2=" ">
    <subfield code="a">Maps (UN) in documents</subfield>
    <subfield code="b">B11</subfield>
  </datafield>
  <datafield tag="091" ind1=" " ind2=" ">
    <subfield code="a">GEN</subfield>
  </datafield>
  <datafield tag="099" ind1=" " ind2=" ">
    <subfield code="a">UNH</subfield>
    <subfield code="b">DHU</subfield>
  </datafield>
  <datafield tag="191" ind1=" " ind2=" ">
    <subfield code="0">1023327</subfield>
    <subfield code="9">X00</subfield>
    <subfield code="a">S/1997/550</subfield>
    <subfield code="b">S/</subfield>
    <subfield code="c">52</subfield>
    <subfield code="d">S/</subfield>
    <subfield code="e">1997/550</subfield>
    <subfield code="f">013748</subfield>
    <subfield code="q">S1997550</subfield>
    <subfield code="r">S52</subfield>
  </datafield>
  <datafield tag="245" ind1="1" ind2="0">
    <subfield code="a">Report of the Secretary-General on the United Nations Interim Force in Lebanon, for the period from 18 January to 16 July 1997.</subfield>
  </datafield>
  <datafield tag="249" ind1=" " ind2=" ">
    <subfield code="a">Report on the UN Interim Force in Lebanon for the period 18 Jan.-16 July 1997 / Secretary-General</subfield>
  </datafield>
  <datafield tag="260" ind1=" " ind2=" ">
    <subfield code="a">[New York] :</subfield>
    <subfield code="b">UN,</subfield>
    <subfield code="c">16 July 1997.</subfield>
  </datafield>
  <datafield tag="269" ind1=" " ind2=" ">
    <subfield code="a">1997-07-16</subfield>
  </datafield>
  <datafield tag="300" ind1=" " ind2=" ">
    <subfield code="a">6 p. :</subfield>
    <subfield code="b">map</subfield>
  </datafield>
  <datafield tag="500" ind1=" " ind2=" ">
    <subfield code="a">Includes#UN map no. 3000 rev.42: UNIFIL deployment as of July 1997#(July 1997).</subfield>
  </datafield>
  <datafield tag="598" ind1=" " ind2=" ">
    <subfield code="a">Issued: 16 July 1997</subfield>
  </datafield>
  <datafield tag="610" ind1="2" ind2="7">
    <subfield code="0">1027333</subfield>
    <subfield code="a">UN INTERIM FORCE IN LEBANON</subfield>
    <subfield code="g">ACTIVITIES (1997)</subfield>
  </datafield>
  <datafield tag="610" ind1="2" ind2="7">
    <subfield code="0">938449</subfield>
    <subfield code="a">UN Interim Force in Lebanon</subfield>
    <subfield code="g">Financing</subfield>
  </datafield>
  <datafield tag="650" ind1="0" ind2="7">
    <subfield code="0">1277954</subfield>
    <subfield code="a">PEACEKEEPING OPERATIONS</subfield>
  </datafield>
  <datafield tag="650" ind1="0" ind2="7">
    <subfield code="0">1278724</subfield>
    <subfield code="a">MAPS</subfield>
  </datafield>
  <datafield tag="650" ind1="0" ind2="7">
    <subfield code="0">1282930</subfield>
    <subfield code="a">ARMED INCIDENTS</subfield>
  </datafield>
  <datafield tag="650" ind1="0" ind2="7">
    <subfield code="0">1278078</subfield>
    <subfield code="2">unbist</subfield>
    <subfield code="a">MIDDLE EAST SITUATION</subfield>
  </datafield>
  <datafield tag="650" ind1="0" ind2="7">
    <subfield code="0">1278018</subfield>
    <subfield code="a">MILITARY PERSONNEL</subfield>
  </datafield>
  <datafield tag="650" ind1="0" ind2="7">
    <subfield code="0">1282543</subfield>
    <subfield code="a">FINANCING</subfield>
  </datafield>
  <datafield tag="651" ind1="0" ind2="7">
    <subfield code="0">1282264</subfield>
    <subfield code="a">LEBANON</subfield>
  </datafield>
  <datafield tag="710" ind1="2" ind2="0">
    <subfield code="0">864434</subfield>
    <subfield code="a">UN. Secretary-General</subfield>
  </datafield>
  <datafield tag="856" ind1="4" ind2=" ">
    <subfield code="s">71467</subfield>
    <subfield code="u">http://digitallibrary.un.org/record/240522/files/S_1997_550-AR.pdf</subfield>
    <subfield code="y">العربية</subfield>
  </datafield>
  <datafield tag="856" ind1="4" ind2=" ">
    <subfield code="s">633706</subfield>
    <subfield code="u">http://digitallibrary.un.org/record/240522/files/S_1997_550-ZH.pdf</subfield>
    <subfield code="y">中文</subfield>
  </datafield>
  <datafield tag="856" ind1="4" ind2=" ">
    <subfield code="s">20327</subfield>
    <subfield code="u">http://digitallibrary.un.org/record/240522/files/S_1997_550-EN.pdf</subfield>
    <subfield code="y">English</subfield>
  </datafield>
  <datafield tag="856" ind1="4" ind2=" ">
    <subfield code="s">22500</subfield>
    <subfield code="u">http://digitallibrary.un.org/record/240522/files/S_1997_550-FR.pdf</subfield>
    <subfield code="y">Français</subfield>
  </datafield>
  <datafield tag="856" ind1="4" ind2=" ">
    <subfield code="s">53250</subfield>
    <subfield code="u">http://digitallibrary.un.org/record/240522/files/S_1997_550-RU.pdf</subfield>
    <subfield code="y">Русский</subfield>
  </datafield>
  <datafield tag="856" ind1="4" ind2=" ">
    <subfield code="s">22968</subfield>
    <subfield code="u">http://digitallibrary.un.org/record/240522/files/S_1997_550-ES.pdf</subfield>
    <subfield code="y">Español</subfield>
  </datafield>
  <datafield tag="930" ind1=" " ind2=" ">
    <subfield code="a">UNDJL97</subfield>
  </datafield>
  <datafield tag="930" ind1=" " ind2=" ">
    <subfield code="a">CHCSEP97</subfield>
  </datafield>
  <datafield tag="955" ind1=" " ind2=" ">
    <subfield code="a">17480000</subfield>
  </datafield>
  <datafield tag="980" ind1=" " ind2=" ">
    <subfield code="a">BIB</subfield>
  </datafield>
  <datafield tag="981" ind1=" " ind2=" ">
    <subfield code="a">Security Council</subfield>
  </datafield>
  <datafield tag="989" ind1=" " ind2=" ">
    <subfield code="a">Documents and Publications</subfield>
    <subfield code="b">Reports</subfield>
    <subfield code="c">Secretary-General's Reports</subfield>
  </datafield>
  <datafield tag="991" ind1="3" ind2=" ">
    <subfield code="a">S/52</subfield>
    <subfield code="b">[57]</subfield>
    <subfield code="d">UN INTERIM FORCE IN LEBANON</subfield>
    <subfield code="z">I0126839</subfield>
    <subfield code="0">(DHLAUTH)465831</subfield>
  </datafield>
  <datafield tag="991" ind1="3" ind2=" ">
    <subfield code="a">S/52</subfield>
    <subfield code="b">[56]</subfield>
    <subfield code="d">ISRAEL--LEBANON</subfield>
    <subfield code="z">I0126839</subfield>
    <subfield code="0">(DHLAUTH)465640</subfield>
  </datafield>
  <datafield tag="991" ind1="3" ind2=" ">
    <subfield code="a">S/52</subfield>
    <subfield code="b">[54]</subfield>
    <subfield code="d">MIDDLE EAST SITUATION</subfield>
    <subfield code="z">I0126839</subfield>
    <subfield code="0">(DHLAUTH)465641</subfield>
  </datafield>
  <datafield tag="998" ind1=" " ind2=" ">
    <subfield code="a">19970810200000</subfield>
    <subfield code="c">20160728064800</subfield>
    <subfield code="d">shkcat</subfield>
  </datafield>
</record>