
<record>
  <controlfield tag="000">01745cam a2200433#a 4500</controlfield>
  <controlfield tag="001">515449</controlfield>
  <controlfield tag="005">20190515151000.0</controlfield>
  <controlfield tag="008">040217c2003    usa     r     00010 eng d</controlfield>
  <datafield tag="029" ind1=" " ind2=" ">
    <subfield code="a">JN</subfield>
    <subfield code="b">N0420088 E</subfield>
  </datafield>
  <datafield tag="035" ind1=" " ind2=" ">
    <subfield code="a">D734085X</subfield>
    <subfield code="z">D0303546</subfield>
  </datafield>
  <datafield tag="035" ind1=" " ind2=" ">
    <subfield code="a">(DHL)734085</subfield>
  </datafield>
  <datafield tag="039" ind1=" " ind2=" ">
    <subfield code="a">DHU</subfield>
  </datafield>
  <datafield tag="040" ind1=" " ind2=" ">
    <subfield code="a">NNUN</subfield>
    <subfield code="b">eng</subfield>
  </datafield>
  <datafield tag="041" ind1="0" ind2=" ">
    <subfield code="a">arachiengfrerusspa</subfield>
  </datafield>
  <datafield tag="049" ind1=" " ind2=" ">
    <subfield code="a">USA</subfield>
  </datafield>
  <datafield tag="089" ind1=" " ind2=" ">
    <subfield code="b">B19</subfield>
  </datafield>
  <datafield tag="091" ind1=" " ind2=" ">
    <subfield code="a">GEN</subfield>
  </datafield>
  <datafield tag="099" ind1=" " ind2=" ">
    <subfield code="a">UNH</subfield>
    <subfield code="b">DHU</subfield>
  </datafield>
  <datafield tag="191" ind1=" " ind2=" ">
    <subfield code="a">S/2003/40/Add.43</subfield>
    <subfield code="b">S/</subfield>
    <subfield code="c">58</subfield>
    <subfield code="9">X01</subfield>
    <subfield code="f">4.2642</subfield>
    <subfield code="q">S200340ADD43</subfield>
    <subfield code="r">S58</subfield>
    <subfield code="0">(DHLAUTH)635335</subfield>
  </datafield>
  <datafield tag="245" ind1="1" ind2="0">
    <subfield code="a">Summary statement on matters of which the Security Council is seized and on the stage reached in their consideration :</subfield>
    <subfield code="b">addendum /</subfield>
    <subfield code="c">by the Secretary-General</subfield>
  </datafield>
  <datafield tag="249" ind1=" " ind2=" ">
    <subfield code="a">Summary statement on matters of which the Security Council is seized and on the stage reached in their consideration as at 1 Nov. 2003 / by the Secretary-General</subfield>
  </datafield>
  <datafield tag="260" ind1=" " ind2=" ">
    <subfield code="a">[New York] :</subfield>
    <subfield code="b">UN,</subfield>
    <subfield code="c">7 Nov. 2003</subfield>
  </datafield>
  <datafield tag="269" ind1=" " ind2=" ">
    <subfield code="a">2003-11-07</subfield>
  </datafield>
  <datafield tag="300" ind1=" " ind2=" ">
    <subfield code="a">3 p.</subfield>
  </datafield>
  <datafield tag="610" ind1="2" ind2="7">
    <subfield code="a">UN. Security Council (58th year : 2003)</subfield>
    <subfield code="g">Activities (Oct. 2003)</subfield>
    <subfield code="2">unbisn</subfield>
    <subfield code="0">(DHLAUTH)650939</subfield>
  </datafield>
  <datafield tag="610" ind1="2" ind2="7">
    <subfield code="a">UN. Security Council (58th year : 2003)</subfield>
    <subfield code="g">Activities (Nov. 2003)</subfield>
    <subfield code="2">unbisn</subfield>
    <subfield code="0">(DHLAUTH)655088</subfield>
  </datafield>
  <datafield tag="610" ind1="2" ind2="7">
    <subfield code="a">International Criminal Tribunal for Rwanda</subfield>
    <subfield code="2">unbisn</subfield>
    <subfield code="0">(DHLAUTH)426826</subfield>
  </datafield>
  <datafield tag="610" ind1="2" ind2="4">
    <subfield code="a">UN. Security Council</subfield>
    <subfield code="g">Resolutions and decisions</subfield>
    <subfield code="0">(DHLAUTH)307416</subfield>
  </datafield>
  <datafield tag="650" ind1="1" ind2="7">
    <subfield code="a">INTERNATIONAL CRIMINAL COURTS</subfield>
    <subfield code="2">unbist</subfield>
    <subfield code="0">(DHLAUTH)269245</subfield>
  </datafield>
  <datafield tag="650" ind1="1" ind2="7">
    <subfield code="a">WESTERN SAHARA QUESTION</subfield>
    <subfield code="2">unbist</subfield>
    <subfield code="0">(DHLAUTH)269024</subfield>
  </datafield>
  <datafield tag="650" ind1="1" ind2="7">
    <subfield code="a">IRAQ-KUWAIT SITUATION</subfield>
    <subfield code="2">unbist</subfield>
    <subfield code="0">(DHLAUTH)275608</subfield>
  </datafield>
  <datafield tag="650" ind1="1" ind2="7">
    <subfield code="a">WOMEN'S ADVANCEMENT</subfield>
    <subfield code="2">unbist</subfield>
    <subfield code="0">(DHLAUTH)273158</subfield>
  </datafield>
  <datafield tag="650" ind1="1" ind2="7">
    <subfield code="a">PEACEKEEPING OPERATIONS</subfield>
    <subfield code="2">unbist</subfield>
    <subfield code="0">(DHLAUTH)474428</subfield>
  </datafield>
  <datafield tag="650" ind1="1" ind2="7">
    <subfield code="a">INTERNATIONAL SECURITY</subfield>
    <subfield code="2">unbist</subfield>
    <subfield code="0">(DHLAUTH)268587</subfield>
  </datafield>
  <datafield tag="650" ind1="2" ind2="7">
    <subfield code="a">RWANDA SITUATION</subfield>
    <subfield code="2">unbist</subfield>
    <subfield code="0">(DHLAUTH)275503</subfield>
  </datafield>
  <datafield tag="710" ind1="2" ind2=" ">
    <subfield code="a">UN. Secretary-General</subfield>
    <subfield code="0">(DHLAUTH)10663</subfield>
  </datafield>
  <datafield tag="856" ind1="4" ind2=" ">
    <subfield code="y">العربية</subfield>
    <subfield code="s">143930</subfield>
    <subfield code="u">http://digitallibrary.un.org/record/515449/files/S_2003_40_Add-43-AR.pdf</subfield>
  </datafield>
  <datafield tag="856" ind1="4" ind2=" ">
    <subfield code="y">English</subfield>
    <subfield code="s">33151</subfield>
    <subfield code="u">http://digitallibrary.un.org/record/515449/files/S_2003_40_Add-43-EN.pdf</subfield>
  </datafield>
  <datafield tag="856" ind1="4" ind2=" ">
    <subfield code="y">Español</subfield>
    <subfield code="s">33951</subfield>
    <subfield code="u">http://digitallibrary.un.org/record/515449/files/S_2003_40_Add-43-ES.pdf</subfield>
  </datafield>
  <datafield tag="856" ind1="4" ind2=" ">
    <subfield code="y">Français</subfield>
    <subfield code="s">105723</subfield>
    <subfield code="u">http://digitallibrary.un.org/record/515449/files/S_2003_40_Add-43-FR.pdf</subfield>
  </datafield>
  <datafield tag="856" ind1="4" ind2=" ">
    <subfield code="y">Русский</subfield>
    <subfield code="s">161106</subfield>
    <subfield code="u">http://digitallibrary.un.org/record/515449/files/S_2003_40_Add-43-RU.pdf</subfield>
  </datafield>
  <datafield tag="856" ind1="4" ind2=" ">
    <subfield code="y">中文</subfield>
    <subfield code="s">269749</subfield>
    <subfield code="u">http://digitallibrary.un.org/record/515449/files/S_2003_40_Add-43-ZH.pdf</subfield>
  </datafield>
  <datafield tag="930" ind1=" " ind2=" ">
    <subfield code="a">UNDJA04</subfield>
  </datafield>
  <datafield tag="930" ind1=" " ind2=" ">
    <subfield code="a">UDIQ403</subfield>
    <subfield code="b">4.2642</subfield>
  </datafield>
  <datafield tag="949" ind1=" " ind2=" ">
    <subfield code="9">S/2003/40/Add.43</subfield>
    <subfield code="b">1196350.1.1</subfield>
    <subfield code="i">1196350</subfield>
    <subfield code="k">unas</subfield>
    <subfield code="c">c. 1</subfield>
    <subfield code="l">DHL</subfield>
    <subfield code="z">t</subfield>
    <subfield code="m">14day</subfield>
    <subfield code="d">20040216190000</subfield>
  </datafield>
  <datafield tag="949" ind1=" " ind2=" ">
    <subfield code="9">S/2003/40/Add.43</subfield>
    <subfield code="b">1196354.5.1</subfield>
    <subfield code="i">1196354</subfield>
    <subfield code="k">unss</subfield>
    <subfield code="c">c. 1</subfield>
    <subfield code="l">DHL</subfield>
    <subfield code="z">t</subfield>
    <subfield code="m">14day</subfield>
    <subfield code="d">20040216190000</subfield>
  </datafield>
  <datafield tag="949" ind1=" " ind2=" ">
    <subfield code="9">S/2003/40/Add.43</subfield>
    <subfield code="b">7340851</subfield>
    <subfield code="i">1196349</subfield>
    <subfield code="k">unes</subfield>
    <subfield code="c">c. 1</subfield>
    <subfield code="l">DHL</subfield>
    <subfield code="z">t</subfield>
    <subfield code="m">14day</subfield>
    <subfield code="d">20040216190000</subfield>
  </datafield>
  <datafield tag="949" ind1=" " ind2=" ">
    <subfield code="9">S/2003/40/Add.43</subfield>
    <subfield code="b">1196353.4.1</subfield>
    <subfield code="i">1196353</subfield>
    <subfield code="k">unrs</subfield>
    <subfield code="c">c. 1</subfield>
    <subfield code="l">DHL</subfield>
    <subfield code="z">t</subfield>
    <subfield code="m">14day</subfield>
    <subfield code="d">20040216190000</subfield>
  </datafield>
  <datafield tag="949" ind1=" " ind2=" ">
    <subfield code="9">S/2003/40/Add.43</subfield>
    <subfield code="b">1196352.3.1</subfield>
    <subfield code="i">1196352</subfield>
    <subfield code="k">unfs</subfield>
    <subfield code="c">c. 1</subfield>
    <subfield code="l">DHL</subfield>
    <subfield code="z">t</subfield>
    <subfield code="m">14day</subfield>
    <subfield code="d">20040216190000</subfield>
  </datafield>
  <datafield tag="949" ind1=" " ind2=" ">
    <subfield code="9">S/2003/40/Add.43</subfield>
    <subfield code="b">1196351.2.1</subfield>
    <subfield code="i">1196351</subfield>
    <subfield code="k">uncs</subfield>
    <subfield code="c">c. 1</subfield>
    <subfield code="l">DHL</subfield>
    <subfield code="z">t</subfield>
    <subfield code="m">14day</subfield>
    <subfield code="d">20040216190000</subfield>
  </datafield>
  <datafield tag="980" ind1=" " ind2=" ">
    <subfield code="a">BIB</subfield>
  </datafield>
  <datafield tag="981" ind1=" " ind2=" ">
    <subfield code="a">Security Council</subfield>
  </datafield>
  <datafield tag="989" ind1=" " ind2=" ">
    <subfield code="a">Documents and Publications</subfield>
  </datafield>
  <datafield tag="991" ind1="3" ind2=" ">
    <subfield code="a">S/58</subfield>
    <subfield code="b">[2]</subfield>
    <subfield code="d">UN. SECURITY COUNCIL (2003)--AGENDA</subfield>
    <subfield code="z">I0181659</subfield>
    <subfield code="0">(DHLAUTH)635283</subfield>
  </datafield>
  <datafield tag="998" ind1=" " ind2=" ">
    <subfield code="a">20040217103400</subfield>
    <subfield code="b">ed23</subfield>
    <subfield code="c">20190515082500</subfield>
    <subfield code="d">sh35cat</subfield>
    <subfield code="z">20190515140345</subfield>
  </datafield>
  <datafield tag="999" ind1=" " ind2=" ">
    <subfield code="a">pgt20040218</subfield>
    <subfield code="b">20040218</subfield>
    <subfield code="c">t</subfield>
  </datafield>
  <datafield tag="999" ind1=" " ind2=" ">
    <subfield code="a">etq20040217</subfield>
    <subfield code="b">20040217</subfield>
    <subfield code="c">q</subfield>
  </datafield>
  <datafield tag="999" ind1=" " ind2=" ">
    <subfield code="a">alac20040218</subfield>
    <subfield code="b">20040218</subfield>
    <subfield code="c">c</subfield>
  </datafield>
  <datafield tag="999" ind1=" " ind2=" ">
    <subfield code="a">TAr20040218</subfield>
    <subfield code="b">20040218</subfield>
    <subfield code="c">r</subfield>
  </datafield>
</record>