
<record>
  <controlfield tag="000">01611cam a2200445#a 4500</controlfield>
  <controlfield tag="001">413332</controlfield>
  <controlfield tag="005">20221212182054.0</controlfield>
  <controlfield tag="008">000505c2000    usa     r     00010 eng d</controlfield>
  <datafield tag="029" ind1=" " ind2=" ">
    <subfield code="a">JN</subfield>
    <subfield code="b">N0035913 E</subfield>
  </datafield>
  <datafield tag="035" ind1=" " ind2=" ">
    <subfield code="a">D614982X</subfield>
    <subfield code="z">D0250227</subfield>
  </datafield>
  <datafield tag="035" ind1=" " ind2=" ">
    <subfield code="a">(DHL)614982</subfield>
  </datafield>
  <datafield tag="039" ind1=" " ind2=" ">
    <subfield code="a">DHU</subfield>
  </datafield>
  <datafield tag="040" ind1=" " ind2=" ">
    <subfield code="a">NNUN</subfield>
    <subfield code="b">eng</subfield>
  </datafield>
  <datafield tag="041" ind1="0" ind2=" ">
    <subfield code="a">arachiengfrerusspa</subfield>
  </datafield>
  <datafield tag="049" ind1=" " ind2=" ">
    <subfield code="a">USA</subfield>
  </datafield>
  <datafield tag="089" ind1=" " ind2=" ">
    <subfield code="a">Reports/letters (UN Secretary-General)</subfield>
    <subfield code="b">B15</subfield>
  </datafield>
  <datafield tag="089" ind1=" " ind2=" ">
    <subfield code="a">Reports/studies</subfield>
    <subfield code="b">B16</subfield>
  </datafield>
  <datafield tag="091" ind1=" " ind2=" ">
    <subfield code="a">GEN</subfield>
  </datafield>
  <datafield tag="099" ind1=" " ind2=" ">
    <subfield code="a">UNH</subfield>
    <subfield code="b">DHU</subfield>
  </datafield>
  <datafield tag="191" ind1=" " ind2=" ">
    <subfield code="a">A/54/809</subfield>
    <subfield code="b">A/</subfield>
    <subfield code="c">54</subfield>
    <subfield code="9">G00</subfield>
    <subfield code="f">1.0159</subfield>
    <subfield code="q">A54809</subfield>
    <subfield code="r">A54</subfield>
    <subfield code="0">(DHLAUTH)527213</subfield>
  </datafield>
  <datafield tag="245" ind1="1" ind2="0">
    <subfield code="a">Financing of the United Nations Angola Verification Mission and the United Nations Observer Mission in Angola :</subfield>
    <subfield code="b">report of the Secretary-General</subfield>
  </datafield>
  <datafield tag="249" ind1=" " ind2=" ">
    <subfield code="a">Report on the financing of the UN Angola Verification Mission and the UN Observer Mission in Angola / Secretary-General</subfield>
  </datafield>
  <datafield tag="260" ind1=" " ind2=" ">
    <subfield code="a">[New York] :</subfield>
    <subfield code="b">UN,</subfield>
    <subfield code="c">23 Mar. 2000</subfield>
  </datafield>
  <datafield tag="269" ind1=" " ind2=" ">
    <subfield code="a">2000-03-23</subfield>
  </datafield>
  <datafield tag="300" ind1=" " ind2=" ">
    <subfield code="a">17 p. :</subfield>
    <subfield code="b">charts, tables</subfield>
  </datafield>
  <datafield tag="610" ind1="2" ind2="4">
    <subfield code="a">UN OBSERVER MISSION IN ANGOLA</subfield>
    <subfield code="g">FINANCING.</subfield>
    <subfield code="0">(DHLAUTH)486041</subfield>
  </datafield>
  <datafield tag="650" ind1="1" ind2="7">
    <subfield code="a">PEACEKEEPING OPERATIONS</subfield>
    <subfield code="0">(DHLAUTH)474428</subfield>
  </datafield>
  <datafield tag="650" ind1="1" ind2="7">
    <subfield code="a">ANGOLA</subfield>
    <subfield code="0">(DHLAUTH)269038</subfield>
  </datafield>
  <datafield tag="650" ind1="2" ind2="7">
    <subfield code="a">STAFFING</subfield>
    <subfield code="2">unbist</subfield>
    <subfield code="0">(DHLAUTH)272050</subfield>
  </datafield>
  <datafield tag="650" ind1="2" ind2="7">
    <subfield code="a">BUDGET PERFORMANCE</subfield>
    <subfield code="2">unbist</subfield>
    <subfield code="0">(DHLAUTH)275751</subfield>
  </datafield>
  <datafield tag="650" ind1="2" ind2="7">
    <subfield code="a">COSTS</subfield>
    <subfield code="2">unbist</subfield>
    <subfield code="0">(DHLAUTH)269595</subfield>
  </datafield>
  <datafield tag="650" ind1="2" ind2="7">
    <subfield code="a">MILITARY PERSONNEL</subfield>
    <subfield code="2">unbist</subfield>
    <subfield code="0">(DHLAUTH)268838</subfield>
  </datafield>
  <datafield tag="650" ind1="2" ind2="7">
    <subfield code="a">CIVILIAN PERSONS</subfield>
    <subfield code="2">unbist</subfield>
    <subfield code="0">(DHLAUTH)274447</subfield>
  </datafield>
  <datafield tag="710" ind1="2" ind2="0">
    <subfield code="a">UN. Secretary-General</subfield>
    <subfield code="0">(DHLAUTH)10663</subfield>
  </datafield>
  <datafield tag="856" ind1="4" ind2=" ">
    <subfield code="y">العربية</subfield>
    <subfield code="9">5902b575-fcf0-41fc-8c9d-c5e226d2ee04</subfield>
    <subfield code="s">662083</subfield>
    <subfield code="u">https://digitallibrary.un.org/record/413332/files/A_54_809-AR.pdf</subfield>
  </datafield>
  <datafield tag="856" ind1="4" ind2=" ">
    <subfield code="y">中文</subfield>
    <subfield code="9">aaf1ffe9-9d8b-4dd2-a889-c31031f1a7a5</subfield>
    <subfield code="s">305051</subfield>
    <subfield code="u">https://digitallibrary.un.org/record/413332/files/A_54_809-ZH.pdf</subfield>
  </datafield>
  <datafield tag="856" ind1="4" ind2=" ">
    <subfield code="y">English</subfield>
    <subfield code="9">56de5f03-bfa6-49f4-aa99-e3c1f5512762</subfield>
    <subfield code="s">944947</subfield>
    <subfield code="u">https://digitallibrary.un.org/record/413332/files/A_54_809-EN.pdf</subfield>
  </datafield>
  <datafield tag="856" ind1="4" ind2=" ">
    <subfield code="y">Français</subfield>
    <subfield code="9">293f9145-be18-4e8c-9ecd-d31cf406103e</subfield>
    <subfield code="s">934109</subfield>
    <subfield code="u">https://digitallibrary.un.org/record/413332/files/A_54_809-FR.pdf</subfield>
  </datafield>
  <datafield tag="856" ind1="4" ind2=" ">
    <subfield code="y">Русский</subfield>
    <subfield code="9">51c9dc97-c4c7-4c78-9415-c67827fd45db</subfield>
    <subfield code="s">996091</subfield>
    <subfield code="u">https://digitallibrary.un.org/record/413332/files/A_54_809-RU.pdf</subfield>
  </datafield>
  <datafield tag="856" ind1="4" ind2=" ">
    <subfield code="y">Español</subfield>
    <subfield code="9">5b29a588-7c23-484e-afeb-73939ee63823</subfield>
    <subfield code="s">977876</subfield>
    <subfield code="u">https://digitallibrary.un.org/record/413332/files/A_54_809-ES.pdf</subfield>
  </datafield>
  <datafield tag="930" ind1=" " ind2=" ">
    <subfield code="a">UNDMY00</subfield>
  </datafield>
  <datafield tag="930" ind1=" " ind2=" ">
    <subfield code="a">UDIQ100</subfield>
    <subfield code="b">1.0159</subfield>
  </datafield>
  <datafield tag="930" ind1=" " ind2=" ">
    <subfield code="a">UPDQ100</subfield>
  </datafield>
  <datafield tag="949" ind1=" " ind2=" ">
    <subfield code="9">A/54/809</subfield>
    <subfield code="b">852465.4.1</subfield>
    <subfield code="i">852465</subfield>
    <subfield code="k">uncs</subfield>
    <subfield code="c">c. 1</subfield>
    <subfield code="l">DHL</subfield>
    <subfield code="z">t</subfield>
    <subfield code="m">14day</subfield>
    <subfield code="d">20000505000000</subfield>
  </datafield>
  <datafield tag="949" ind1=" " ind2=" ">
    <subfield code="9">A/54/809</subfield>
    <subfield code="b">852467.6.1</subfield>
    <subfield code="i">852467</subfield>
    <subfield code="k">unrs</subfield>
    <subfield code="c">c. 1</subfield>
    <subfield code="l">DHL</subfield>
    <subfield code="z">t</subfield>
    <subfield code="m">14day</subfield>
    <subfield code="d">20000505000000</subfield>
  </datafield>
  <datafield tag="949" ind1=" " ind2=" ">
    <subfield code="9">A/54/809</subfield>
    <subfield code="b">6149821</subfield>
    <subfield code="i">852462</subfield>
    <subfield code="k">unes</subfield>
    <subfield code="c">c. 1</subfield>
    <subfield code="l">DHL</subfield>
    <subfield code="z">t</subfield>
    <subfield code="m">14day</subfield>
    <subfield code="d">20000505000000</subfield>
  </datafield>
  <datafield tag="949" ind1=" " ind2=" ">
    <subfield code="9">A/54/809</subfield>
    <subfield code="b">852468.7.1</subfield>
    <subfield code="i">852468</subfield>
    <subfield code="k">unss</subfield>
    <subfield code="c">c. 1</subfield>
    <subfield code="l">DHL</subfield>
    <subfield code="z">t</subfield>
    <subfield code="m">14day</subfield>
    <subfield code="d">20000505000000</subfield>
  </datafield>
  <datafield tag="949" ind1=" " ind2=" ">
    <subfield code="9">A/54/809</subfield>
    <subfield code="b">852466.5.1</subfield>
    <subfield code="i">852466</subfield>
    <subfield code="k">unfs</subfield>
    <subfield code="c">c. 1</subfield>
    <subfield code="l">DHL</subfield>
    <subfield code="z">t</subfield>
    <subfield code="m">14day</subfield>
    <subfield code="d">20000505000000</subfield>
  </datafield>
  <datafield tag="949" ind1=" " ind2=" ">
    <subfield code="9">A/54/809</subfield>
    <subfield code="b">852464.3.1</subfield>
    <subfield code="i">852464</subfield>
    <subfield code="k">unas</subfield>
    <subfield code="c">c. 1</subfield>
    <subfield code="l">DHL</subfield>
    <subfield code="z">t</subfield>
    <subfield code="m">14day</subfield>
    <subfield code="d">20000505000000</subfield>
  </datafield>
  <datafield tag="949" ind1=" " ind2=" ">
    <subfield code="9">A/54/809</subfield>
    <subfield code="b">852463.2.1</subfield>
    <subfield code="i">852463</subfield>
    <subfield code="k">unes</subfield>
    <subfield code="c">c. 2</subfield>
    <subfield code="l">DHL</subfield>
    <subfield code="z">t</subfield>
    <subfield code="m">14day</subfield>
    <subfield code="d">20000505000000</subfield>
  </datafield>
  <datafield tag="980" ind1=" " ind2=" ">
    <subfield code="a">BIB</subfield>
  </datafield>
  <datafield tag="981" ind1=" " ind2=" ">
    <subfield code="a">General Assembly</subfield>
    <subfield code="b">General Assembly Plenary</subfield>
  </datafield>
  <datafield tag="989" ind1=" " ind2=" ">
    <subfield code="a">Documents and Publications</subfield>
    <subfield code="b">Reports</subfield>
    <subfield code="c">Secretary-General's Reports</subfield>
  </datafield>
  <datafield tag="991" ind1="1" ind2=" ">
    <subfield code="a">A/54/251</subfield>
    <subfield code="b">129</subfield>
    <subfield code="c">Financing of the United Nations Angola Verification Mission and the United Nations Observer Mission in Angola.</subfield>
    <subfield code="0">(DHLAUTH)531448</subfield>
  </datafield>
  <datafield tag="991" ind1="1" ind2=" ">
    <subfield code="a">A/54/251</subfield>
    <subfield code="b">129[2]</subfield>
    <subfield code="d">UN OBSERVER MISSION IN ANGOLA--FINANCING</subfield>
    <subfield code="z">I0142193</subfield>
    <subfield code="0">(DHLAUTH)531887</subfield>
  </datafield>
  <datafield tag="998" ind1=" " ind2=" ">
    <subfield code="a">20000505000000</subfield>
    <subfield code="b">ksbcs</subfield>
    <subfield code="c">20221212171500</subfield>
    <subfield code="d">gbcatsa</subfield>
    <subfield code="x">0x00010000cab45bfb</subfield>
    <subfield code="z">20221212221700</subfield>
  </datafield>
  <datafield tag="999" ind1=" " ind2=" ">
    <subfield code="a">pg</subfield>
    <subfield code="b">20000505</subfield>
    <subfield code="c">r</subfield>
  </datafield>
  <datafield tag="999" ind1=" " ind2=" ">
    <subfield code="a">SL</subfield>
    <subfield code="b">20000505</subfield>
    <subfield code="c">c</subfield>
  </datafield>
  <datafield tag="999" ind1=" " ind2=" ">
    <subfield code="a">ksb</subfield>
    <subfield code="b">20000505</subfield>
    <subfield code="c">q</subfield>
  </datafield>
  <datafield tag="999" ind1=" " ind2=" ">
    <subfield code="a">TA</subfield>
    <subfield code="b">20000508</subfield>
    <subfield code="c">r</subfield>
  </datafield>
</record>