
<record>
  <controlfield tag="000">01813nam\\2200433#a\4500</controlfield>
  <controlfield tag="001">601728</controlfield>
  <controlfield tag="005">20230201165741.0</controlfield>
  <controlfield tag="008">070619s2007\\\\che\\\\#r\\\\\|||\|\eng\d</controlfield>
  <datafield tag="029" ind1=" " ind2=" ">
    <subfield code="a">JN</subfield>
    <subfield code="b">G0712929 E</subfield>
  </datafield>
  <datafield tag="035" ind1=" " ind2=" ">
    <subfield code="a">D834585X</subfield>
    <subfield code="z">D9579098</subfield>
  </datafield>
  <datafield tag="035" ind1=" " ind2=" ">
    <subfield code="a">(DHL)834585</subfield>
  </datafield>
  <datafield tag="039" ind1=" " ind2=" ">
    <subfield code="a">GUN</subfield>
  </datafield>
  <datafield tag="040" ind1=" " ind2=" ">
    <subfield code="a">SzGeBNU</subfield>
    <subfield code="b">eng</subfield>
  </datafield>
  <datafield tag="041" ind1=" " ind2=" ">
    <subfield code="a">eng</subfield>
  </datafield>
  <datafield tag="049" ind1=" " ind2=" ">
    <subfield code="a">che</subfield>
  </datafield>
  <datafield tag="069" ind1=" " ind2=" ">
    <subfield code="a">HUR</subfield>
    <subfield code="b">0102</subfield>
  </datafield>
  <datafield tag="089" ind1=" " ind2=" ">
    <subfield code="b">B21</subfield>
  </datafield>
  <datafield tag="091" ind1=" " ind2=" ">
    <subfield code="a">GEN</subfield>
  </datafield>
  <datafield tag="099" ind1=" " ind2=" ">
    <subfield code="a">UNG</subfield>
    <subfield code="b">GUN</subfield>
  </datafield>
  <datafield tag="191" ind1=" " ind2=" ">
    <subfield code="a">A/HRC/5/NGO/39</subfield>
    <subfield code="b">A/HRC/</subfield>
    <subfield code="c">5</subfield>
    <subfield code="q">AHRC5NGO39</subfield>
    <subfield code="r">AHRC5</subfield>
    <subfield code="0">(DHLAUTH)725055</subfield>
  </datafield>
  <datafield tag="245" ind1="1" ind2="0">
    <subfield code="a">Implementation of General Assembly resolution 60/251 of 15 March 2006 entitled "Human Rights Council" :</subfield>
    <subfield code="b">written statement /</subfield>
    <subfield code="c">submitted by the Women's International League for Peace and Freedom (WILPF)</subfield>
  </datafield>
  <datafield tag="260" ind1=" " ind2=" ">
    <subfield code="a">Geneva :</subfield>
    <subfield code="b">UN,</subfield>
    <subfield code="c">7 June 2007</subfield>
  </datafield>
  <datafield tag="269" ind1=" " ind2=" ">
    <subfield code="a">2007-06-07</subfield>
  </datafield>
  <datafield tag="300" ind1=" " ind2=" ">
    <subfield code="a">5 p.</subfield>
  </datafield>
  <datafield tag="500" ind1=" " ind2=" ">
    <subfield code="a">Includes bibliographical references (p. 5).</subfield>
  </datafield>
  <datafield tag="520" ind1=" " ind2=" ">
    <subfield code="a">Presents information concerning human rights abuses allegedly committed against Haitians by personnel of the UN Stabilization Mission in Haiti.</subfield>
  </datafield>
  <datafield tag="546" ind1=" " ind2=" ">
    <subfield code="a">English only.</subfield>
  </datafield>
  <datafield tag="610" ind1="2" ind2="7">
    <subfield code="2">unbisn</subfield>
    <subfield code="a">UN Stabilization Mission in Haiti</subfield>
    <subfield code="0">(DHLAUTH)656656</subfield>
  </datafield>
  <datafield tag="650" ind1="1" ind2="7">
    <subfield code="a">HUMAN RIGHTS</subfield>
    <subfield code="2">unbist</subfield>
    <subfield code="0">(DHLAUTH)274431</subfield>
  </datafield>
  <datafield tag="650" ind1="1" ind2="7">
    <subfield code="a">PEACEKEEPING OPERATIONS</subfield>
    <subfield code="2">unbist</subfield>
    <subfield code="0">(DHLAUTH)474428</subfield>
  </datafield>
  <datafield tag="650" ind1="1" ind2="7">
    <subfield code="a">HAITI</subfield>
    <subfield code="2">unbist</subfield>
    <subfield code="0">(DHLAUTH)273356</subfield>
  </datafield>
  <datafield tag="650" ind1="1" ind2="7">
    <subfield code="a">HUMAN RIGHTS VIOLATIONS</subfield>
    <subfield code="2">unbist</subfield>
    <subfield code="0">(DHLAUTH)274435</subfield>
  </datafield>
  <datafield tag="650" ind1="1" ind2="7">
    <subfield code="a">MILITARY PERSONNEL</subfield>
    <subfield code="2">unbist</subfield>
    <subfield code="0">(DHLAUTH)268838</subfield>
  </datafield>

  <datafield tag="710" ind1="2" ind2=" ">
    <subfield code="a">Women's International League for Peace and Freedom</subfield>
    <subfield code="0">(DHLAUTH)56281</subfield>
  </datafield>
  <datafield tag="856" ind1="4" ind2=" ">
    <subfield code="y">English</subfield>
    <subfield code="9">427cc8dd-254d-4d64-bf88-646d6c28af13</subfield>
    <subfield code="s">36343</subfield>
    <subfield code="u">https://digitallibrary.un.org/record/601728/files/A_HRC_5_NGO_39-EN.pdf</subfield>
  </datafield>
  <datafield tag="930" ind1=" " ind2=" ">
    <subfield code="a">UNDJU07</subfield>
  </datafield>
  <datafield tag="930" ind1=" " ind2=" ">
    <subfield code="a">HURXXX07</subfield>
  </datafield>
  <datafield tag="949" ind1=" " ind2=" ">
    <subfield code="9">A/HRC/5/NGO/39</subfield>
    <subfield code="b">1484794.1.1</subfield>
    <subfield code="c">c. 1</subfield>
    <subfield code="d">20070725200000</subfield>
    <subfield code="i">1484794</subfield>
    <subfield code="k">unes</subfield>
    <subfield code="l">DHL</subfield>
    <subfield code="m">14day</subfield>
    <subfield code="z">t</subfield>
  </datafield>
  <datafield tag="980" ind1=" " ind2=" ">
    <subfield code="a">BIB</subfield>
  </datafield>
  <datafield tag="981" ind1=" " ind2=" ">
    <subfield code="a">General Assembly</subfield>
    <subfield code="b">Human Rights Council</subfield>
  </datafield>
  <datafield tag="981" ind1=" " ind2=" ">
    <subfield code="a">Human Rights Bodies</subfield>
    <subfield code="b">Charter-Based Human Rights Bodies</subfield>
    <subfield code="c">Human Rights Council</subfield>
  </datafield>
  <datafield tag="989" ind1=" " ind2=" ">
    <subfield code="a">Documents and Publications</subfield>
    <subfield code="b">NGO Written Statements</subfield>
  </datafield>
  <datafield tag="991" ind1=" " ind2=" ">
    <subfield code="a">A/HRC/5/1</subfield>
    <subfield code="b">2</subfield>
    <subfield code="c">Implementation of General Assembly resolution 60/251 of 15 March 2006 entitled "Human Rights Council".</subfield>
    <subfield code="0">(DHLAUTH)727274</subfield>
  </datafield>
  <datafield tag="998" ind1=" " ind2=" ">
    <subfield code="a">20070619150500</subfield>
    <subfield code="b">mpcat</subfield>
    <subfield code="c">20230201150900</subfield>
    <subfield code="d">arcat</subfield>
    <subfield code="x">0x00010000cc0992ab</subfield>
    <subfield code="z">20230201201211</subfield>
  </datafield>
  <datafield tag="999" ind1=" " ind2=" ">
    <subfield code="a">mpc20070619</subfield>
    <subfield code="b">20070619</subfield>
    <subfield code="c">c</subfield>
  </datafield>
  <datafield tag="999" ind1=" " ind2=" ">
    <subfield code="a">mpu20070625</subfield>
    <subfield code="b">20070625</subfield>
    <subfield code="c">u</subfield>
  </datafield>
  <datafield tag="999" ind1=" " ind2=" ">
    <subfield code="a">pni20070726</subfield>
    <subfield code="b">20070726</subfield>
    <subfield code="c">i</subfield>
  </datafield>
  <datafield tag="999" ind1=" " ind2=" ">
    <subfield code="a">mpu20070910</subfield>
    <subfield code="b">20070910</subfield>
    <subfield code="c">u</subfield>
  </datafield>
</record>