
<record>
  <controlfield tag="000">00433nam a2200205#a 4500</controlfield>
  <controlfield tag="001">586056</controlfield>
  <controlfield tag="005">20230412115801.0</controlfield>
  <controlfield tag="008">061108s2006    usa    #r     00010 eng d</controlfield>
  <datafield tag="029" ind1=" " ind2=" ">
    <subfield code="a">JN</subfield>
    <subfield code="b">N0658865 E</subfield>
  </datafield>
  <datafield tag="035" ind1=" " ind2=" ">
    <subfield code="a">D817676X</subfield>
    <subfield code="z">D0338234</subfield>
  </datafield>
  <datafield tag="035" ind1=" " ind2=" ">
    <subfield code="a">(DHL)817676</subfield>
  </datafield>
  <datafield tag="039" ind1=" " ind2=" ">
    <subfield code="a">DHU</subfield>
  </datafield>
  <datafield tag="040" ind1=" " ind2=" ">
    <subfield code="a">NNUN</subfield>
    <subfield code="b">eng</subfield>
  </datafield>
  <datafield tag="041" ind1="0" ind2=" ">
    <subfield code="a">arachiengfrerusspa</subfield>
  </datafield>
  <datafield tag="049" ind1=" " ind2=" ">
    <subfield code="a">usa</subfield>
  </datafield>
  <datafield tag="089" ind1=" " ind2=" ">
    <subfield code="b">B17</subfield>
  </datafield>
  <datafield tag="091" ind1=" " ind2=" ">
    <subfield code="a">GEN</subfield>
  </datafield>
  <datafield tag="099" ind1=" " ind2=" ">
    <subfield code="a">UNH</subfield>
    <subfield code="b">DHU</subfield>
  </datafield>
  <datafield tag="191" ind1=" " ind2=" ">
    <subfield code="a">S/PRST/2006/42</subfield>
    <subfield code="b">S/</subfield>
    <subfield code="c">61</subfield>
    <subfield code="9">X15</subfield>
    <subfield code="f">3.3248</subfield>
    <subfield code="q">SPRST200642</subfield>
    <subfield code="r">S61</subfield>
    <subfield code="0">(DHLAUTH)700989</subfield>
  </datafield>
  <datafield tag="239" ind1="1" ind2="0">
    <subfield code="a">Statement [made on behalf of the Security Council, at the 5556th meeting, 26 Oct. 2006, in connection with the Council's consideration of the item entitled "Women and peace and security"]</subfield>
  </datafield>
  <datafield tag="245" ind1="0" ind2="0">
    <subfield code="a">Statement /</subfield>
    <subfield code="c">by the President of the Security Council</subfield>
  </datafield>
  <datafield tag="260" ind1=" " ind2=" ">
    <subfield code="a">[New York] :</subfield>
    <subfield code="b">UN,</subfield>
    <subfield code="c">8 Nov. 2006</subfield>
  </datafield>
  <datafield tag="269" ind1=" " ind2=" ">
    <subfield code="a">2006-11-08</subfield>
  </datafield>
  <datafield tag="300" ind1=" " ind2=" ">
    <subfield code="a">3 p.</subfield>
  </datafield>
  <datafield tag="596" ind1=" " ind2=" ">
    <subfield code="a">Reissued for technical reasons.</subfield>
  </datafield>
  <datafield tag="610" ind1="2" ind2="7">
    <subfield code="a">UN System</subfield>
    <subfield code="2">unbisn</subfield>
    <subfield code="0">(DHLAUTH)13838</subfield>
  </datafield>
  <datafield tag="610" ind1="2" ind2="7">
    <subfield code="a">UN. Peacebuilding Commission</subfield>
    <subfield code="2">unbisn</subfield>
    <subfield code="0">(DHLAUTH)677863</subfield>
  </datafield>
  <datafield tag="610" ind1="2" ind2="7">
    <subfield code="a">UN. High-level Panel on United Nations System-wide Coherence in the Areas of Development, Humanitarian Assistance and the Environment</subfield>
    <subfield code="2">unbisn</subfield>
    <subfield code="0">(DHLAUTH)709395</subfield>
  </datafield>
  <datafield tag="630" ind1="0" ind2="7">
    <subfield code="a">UN System-wide Action Plan for the Implementation of Security Council Resolution 1325 (2000)</subfield>
    <subfield code="2">unbisn</subfield>
    <subfield code="0">(DHLAUTH)697213</subfield>
  </datafield>
  <datafield tag="650" ind1="1" ind2="7">
    <subfield code="a">WOMEN'S ADVANCEMENT</subfield>
    <subfield code="2">unbist</subfield>
    <subfield code="0">(DHLAUTH)273158</subfield>
  </datafield>
  <datafield tag="650" ind1="1" ind2="7">
    <subfield code="a">POLITICAL PARTICIPATION</subfield>
    <subfield code="2">unbist</subfield>
    <subfield code="0">(DHLAUTH)268475</subfield>
  </datafield>
  <datafield tag="650" ind1="1" ind2="7">
    <subfield code="a">WOMEN IN ARMED CONFLICTS</subfield>
    <subfield code="2">unbist</subfield>
    <subfield code="0">(DHLAUTH)652111</subfield>
  </datafield>
  <datafield tag="650" ind1="1" ind2="7">
    <subfield code="a">GENDER MAINSTREAMING</subfield>
    <subfield code="2">unbist</subfield>
    <subfield code="0">(DHLAUTH)493524</subfield>
  </datafield>
  <datafield tag="650" ind1="2" ind2="7">
    <subfield code="a">DECISION-MAKING</subfield>
    <subfield code="2">unbist</subfield>
    <subfield code="0">(DHLAUTH)270223</subfield>
  </datafield>
  <datafield tag="650" ind1="2" ind2="7">
    <subfield code="a">WOMEN IN POLITICS</subfield>
    <subfield code="2">unbist</subfield>
    <subfield code="0">(DHLAUTH)268479</subfield>
  </datafield>
  <datafield tag="650" ind1="2" ind2="7">
    <subfield code="a">POST-CONFLICT RECONSTRUCTION</subfield>
    <subfield code="2">unbist</subfield>
    <subfield code="0">(DHLAUTH)534888</subfield>
  </datafield>
  <datafield tag="650" ind1="2" ind2="7">
    <subfield code="a">GENDER-BASED VIOLENCE</subfield>
    <subfield code="2">unbist</subfield>
    <subfield code="0">(DHLAUTH)276684</subfield>
  </datafield>
  <datafield tag="650" ind1="2" ind2="7">
    <subfield code="a">PROGRAMMES OF ACTION</subfield>
    <subfield code="2">unbist</subfield>
    <subfield code="0">(DHLAUTH)275777</subfield>
  </datafield>
  <datafield tag="650" ind1="2" ind2="7">
    <subfield code="a">FIELD STAFF</subfield>
    <subfield code="2">unbist</subfield>
    <subfield code="0">(DHLAUTH)268633</subfield>
  </datafield>
  <datafield tag="650" ind1="2" ind2="7">
    <subfield code="a">PEACEKEEPING OPERATIONS</subfield>
    <subfield code="2">unbist</subfield>
    <subfield code="0">(DHLAUTH)474428</subfield>
  </datafield>
  <datafield tag="650" ind1="2" ind2="7">
    <subfield code="a">CODES OF CONDUCT</subfield>
    <subfield code="2">unbist</subfield>
    <subfield code="0">(DHLAUTH)275793</subfield>
  </datafield>
  <datafield tag="650" ind1="2" ind2="7">
    <subfield code="a">SEX CRIMES</subfield>
    <subfield code="2">unbist</subfield>
    <subfield code="0">(DHLAUTH)273132</subfield>
  </datafield>
  <datafield tag="650" ind1="2" ind2="7">
    <subfield code="a">TRAINING PROGRAMMES</subfield>
    <subfield code="2">unbist</subfield>
    <subfield code="0">(DHLAUTH)274026</subfield>
  </datafield>
  <datafield tag="650" ind1="2" ind2="7">
    <subfield code="a">CIVIL SOCIETY</subfield>
    <subfield code="2">unbist</subfield>
    <subfield code="0">(DHLAUTH)479996</subfield>
  </datafield>
  <datafield tag="650" ind1="2" ind2="7">
    <subfield code="a">REPORT PREPARATION</subfield>
    <subfield code="2">unbist</subfield>
    <subfield code="0">(DHLAUTH)275139</subfield>
  </datafield>
  <datafield tag="710" ind1="2" ind2=" ">
    <subfield code="a">UN. Security Council (61st year : 2006). President</subfield>
    <subfield code="0">(DHLAUTH)701087</subfield>
  </datafield>
  <datafield tag="856" ind1="4" ind2=" ">
    <subfield code="y">العربية</subfield>
    <subfield code="9">a3f74a48-d725-4bd1-841e-aa790e26c261</subfield>
    <subfield code="s">71858</subfield>
    <subfield code="u">https://digitallibrary.un.org/record/586056/files/S_PRST_2006_42-AR.pdf</subfield>
  </datafield>
  <datafield tag="856" ind1="4" ind2=" ">
    <subfield code="y">Other</subfield>
    <subfield code="9">80d51840-a112-4279-bc45-f487e607f58f</subfield>
    <subfield code="s">30777</subfield>
    <subfield code="u">https://digitallibrary.un.org/record/586056/files/S_PRST_2006_42-DE.pdf</subfield>
  </datafield>
  <datafield tag="856" ind1="4" ind2=" ">
    <subfield code="y">English</subfield>
    <subfield code="9">32c85b64-666c-4b08-87c8-d26d7183e381</subfield>
    <subfield code="s">30120</subfield>
    <subfield code="u">https://digitallibrary.un.org/record/586056/files/S_PRST_2006_42-EN.pdf</subfield>
  </datafield>
  <datafield tag="856" ind1="4" ind2=" ">
    <subfield code="y">Español</subfield>
    <subfield code="9">44e42b20-3f1c-4282-8dd7-bef0a25f570b</subfield>
    <subfield code="s">31649</subfield>
    <subfield code="u">https://digitallibrary.un.org/record/586056/files/S_PRST_2006_42-ES.pdf</subfield>
  </datafield>
  <datafield tag="856" ind1="4" ind2=" ">
    <subfield code="y">Français</subfield>
    <subfield code="9">9bf8c19f-e664-4bad-9211-a30629019660</subfield>
    <subfield code="s">36698</subfield>
    <subfield code="u">https://digitallibrary.un.org/record/586056/files/S_PRST_2006_42-FR.pdf</subfield>
  </datafield>
  <datafield tag="856" ind1="4" ind2=" ">
    <subfield code="y">Русский</subfield>
    <subfield code="9">fe53f925-bd61-4579-b8b7-9c95b54384ad</subfield>
    <subfield code="s">124051</subfield>
    <subfield code="u">https://digitallibrary.un.org/record/586056/files/S_PRST_2006_42-RU.pdf</subfield>
  </datafield>
  <datafield tag="856" ind1="4" ind2=" ">
    <subfield code="y">中文</subfield>
    <subfield code="9">a4f6d6c2-ba7a-46a8-9e36-c8a3a5dba013</subfield>
    <subfield code="s">120603</subfield>
    <subfield code="u">https://digitallibrary.un.org/record/586056/files/S_PRST_2006_42-ZH.pdf</subfield>
  </datafield>
  <datafield tag="930" ind1=" " ind2=" ">
    <subfield code="a">UNDNO06</subfield>
  </datafield>
  <datafield tag="930" ind1=" " ind2=" ">
    <subfield code="a">UDIQ306</subfield>
    <subfield code="b">3.3248</subfield>
  </datafield>
  <datafield tag="949" ind1=" " ind2=" ">
    <subfield code="9">S/PRST/2006/42</subfield>
    <subfield code="b">10000008176761</subfield>
    <subfield code="i">1425996</subfield>
    <subfield code="k">unes</subfield>
    <subfield code="c">c. 1</subfield>
    <subfield code="l">DHL</subfield>
    <subfield code="z">t</subfield>
    <subfield code="m">14day</subfield>
    <subfield code="d">20061108000000</subfield>
  </datafield>
  <datafield tag="949" ind1=" " ind2=" ">
    <subfield code="9">S/PRST/2006/42</subfield>
    <subfield code="b">1426001.5.1</subfield>
    <subfield code="i">1426001</subfield>
    <subfield code="k">uncs</subfield>
    <subfield code="c">c. 1</subfield>
    <subfield code="l">DHL</subfield>
    <subfield code="z">t</subfield>
    <subfield code="m">14day</subfield>
    <subfield code="d">20061108000000</subfield>
  </datafield>
  <datafield tag="949" ind1=" " ind2=" ">
    <subfield code="9">S/PRST/2006/42</subfield>
    <subfield code="b">1426000.4.1</subfield>
    <subfield code="i">1426000</subfield>
    <subfield code="k">unas</subfield>
    <subfield code="c">c. 1</subfield>
    <subfield code="l">DHL</subfield>
    <subfield code="z">t</subfield>
    <subfield code="m">14day</subfield>
    <subfield code="d">20061108000000</subfield>
  </datafield>
  <datafield tag="949" ind1=" " ind2=" ">
    <subfield code="9">S/PRST/2006/42</subfield>
    <subfield code="b">1425997.1.1</subfield>
    <subfield code="i">1425997</subfield>
    <subfield code="k">unfs</subfield>
    <subfield code="c">c. 1</subfield>
    <subfield code="l">DHL</subfield>
    <subfield code="z">t</subfield>
    <subfield code="m">14day</subfield>
    <subfield code="d">20061108000000</subfield>
  </datafield>
  <datafield tag="949" ind1=" " ind2=" ">
    <subfield code="9">S/PRST/2006/42</subfield>
    <subfield code="b">1425998.2.1</subfield>
    <subfield code="i">1425998</subfield>
    <subfield code="k">unss</subfield>
    <subfield code="c">c. 1</subfield>
    <subfield code="l">DHL</subfield>
    <subfield code="z">t</subfield>
    <subfield code="m">14day</subfield>
    <subfield code="d">20061108000000</subfield>
  </datafield>
  <datafield tag="949" ind1=" " ind2=" ">
    <subfield code="9">S/PRST/2006/42</subfield>
    <subfield code="b">1425999.3.1</subfield>
    <subfield code="i">1425999</subfield>
    <subfield code="k">unrs</subfield>
    <subfield code="c">c. 1</subfield>
    <subfield code="l">DHL</subfield>
    <subfield code="z">t</subfield>
    <subfield code="m">14day</subfield>
    <subfield code="d">20061108000000</subfield>
  </datafield>
  <datafield tag="980" ind1=" " ind2=" ">
    <subfield code="a">BIB</subfield>
  </datafield>
  <datafield tag="981" ind1=" " ind2=" ">
    <subfield code="a">Security Council</subfield>
  </datafield>
  <datafield tag="989" ind1=" " ind2=" ">
    <subfield code="a">Documents and Publications</subfield>
    <subfield code="b">Resolutions and Decisions</subfield>
    <subfield code="c">Presidential Statements</subfield>
  </datafield>
  <datafield tag="991" ind1="3" ind2=" ">
    <subfield code="a">S/61</subfield>
    <subfield code="b">[201]</subfield>
    <subfield code="d">WOMEN IN ARMED CONFLICTS</subfield>
    <subfield code="z">I0191898</subfield>
    <subfield code="0">(DHLAUTH)700722</subfield>
  </datafield>
  <datafield tag="993" ind1="4" ind2=" ">
    <subfield code="a">S/PV.5556</subfield>
  </datafield>
  <datafield tag="995" ind1=" " ind2=" ">
    <subfield code="a">Requests the Secretary-General to collect and compile good practices, lessons learned and identify remaining gaps and challenges in order to further promote the efficient and effective implementation of resolution 1325; requests the Secretary-General to ensure that UN assistance in gender mainstreaming appropriately addresses the needs and priorities of women in the post-conflict process; requests the Secretary-General to ensure that disarmament, demobilization and reintegration programmes take specific account of the situation of women ex-combatants and women associated with combatants, as well as their children, and provide for their full access to these programmes; remains deeply concerned by the pervasiveness of all forms of violence against women in armed conflict, including killing, maiming, grave sexual violence, abductions and trafficking in persons; reiterates its utmost condemnation of such practices and calls upon all parties to armed conflict to ensure full and effective protection of women, and emphasizes the necessity to end impunity of those responsible for gender-based violence; reiterates its condemnation, in the strongest terms, of all acts of sexual misconduct by all categories of personnel in UN Peacekeeping Missions; urges the Secretary-General and troop-contributing countries to ensure the full implementation of the recommendations of the Special Committee on Peacekeeping (A/60/19); requests the Secretary-General to include in his reporting to the Security Council, progress in gender mainstreaming throughout UN peacekeeping missions; reiterates its call to Member States to continue to implement resolution 1325 (2000), including through the development and implementation of national action plans or other national level strategies; requests the Secretary-General to continue to update, monitor and review the implementation and integration of the Action Plan and report to the Security Council.</subfield>
  </datafield>
  <datafield tag="998" ind1=" " ind2=" ">
    <subfield code="a">20061108094400</subfield>
    <subfield code="b">nmcs</subfield>
    <subfield code="c">20210712081800</subfield>
    <subfield code="d">sh35cat</subfield>
    <subfield code="x">0x00010000c3cadff7</subfield>
    <subfield code="z">20210712122310</subfield>
  </datafield>
  <datafield tag="999" ind1=" " ind2=" ">
    <subfield code="a">ffu20201207</subfield>
    <subfield code="b">20201207</subfield>
    <subfield code="c">u</subfield>
  </datafield>
  <datafield tag="999" ind1=" " ind2=" ">
    <subfield code="a">acu20061110</subfield>
    <subfield code="b">20061110</subfield>
    <subfield code="c">u</subfield>
  </datafield>
  <datafield tag="999" ind1=" " ind2=" ">
    <subfield code="a">dgu20061110</subfield>
    <subfield code="b">20061110</subfield>
    <subfield code="c">u</subfield>
  </datafield>
  <datafield tag="999" ind1=" " ind2=" ">
    <subfield code="a">pgt20061108</subfield>
    <subfield code="b">20061108</subfield>
    <subfield code="c">t</subfield>
  </datafield>
  <datafield tag="999" ind1=" " ind2=" ">
    <subfield code="a">acc20061108</subfield>
    <subfield code="b">20061108</subfield>
    <subfield code="c">c</subfield>
  </datafield>
  <datafield tag="999" ind1=" " ind2=" ">
    <subfield code="a">acp20061108</subfield>
    <subfield code="b">20061108</subfield>
    <subfield code="c">p</subfield>
  </datafield>
  <datafield tag="999" ind1=" " ind2=" ">
    <subfield code="a">nmq20061108</subfield>
    <subfield code="b">20061108</subfield>
    <subfield code="c">q</subfield>
  </datafield>
  <datafield tag="999" ind1=" " ind2=" ">
    <subfield code="a">TAr20061108</subfield>
    <subfield code="b">20061108</subfield>
    <subfield code="c">r</subfield>
  </datafield>
  <datafield tag="999" ind1=" " ind2=" ">
    <subfield code="a">TAu20061110</subfield>
    <subfield code="b">20061110</subfield>
    <subfield code="c">u</subfield>
  </datafield>
  <datafield tag="999" ind1=" " ind2=" ">
    <subfield code="a">vvu20230412</subfield>
    <subfield code="b">20230412</subfield>
    <subfield code="c">u</subfield>
  </datafield>
</record>