
<record>
  <controlfield tag="000">00000nam a22000255a 4500</controlfield>
  <controlfield tag="001">3949047</controlfield>
  <controlfield tag="005">20211203100708.0</controlfield>
  <controlfield tag="008">211124s2021    usa    #r     |||1| eng d</controlfield>
  <datafield tag="029" ind1=" " ind2=" ">
    <subfield code="a">JN</subfield>
    <subfield code="b">N2134296 E</subfield>
  </datafield>
  <datafield tag="035" ind1=" " ind2=" ">
    <subfield code="a">(DHL)1320337</subfield>
  </datafield>
  <datafield tag="039" ind1=" " ind2=" ">
    <subfield code="a">DHU</subfield>
  </datafield>
  <datafield tag="040" ind1=" " ind2=" ">
    <subfield code="a">NNUN</subfield>
    <subfield code="b">eng</subfield>
  </datafield>
  <datafield tag="041" ind1=" " ind2=" ">
    <subfield code="a">eng</subfield>
  </datafield>
  <datafield tag="049" ind1=" " ind2=" ">
    <subfield code="a">usa</subfield>
  </datafield>
  <datafield tag="089" ind1=" " ind2=" ">
    <subfield code="b">B03</subfield>
  </datafield>
  <datafield tag="091" ind1=" " ind2=" ">
    <subfield code="a">PRO</subfield>
  </datafield>
  <datafield tag="099" ind1=" " ind2=" ">
    <subfield code="a">UNH</subfield>
    <subfield code="b">DHU</subfield>
  </datafield>
  <datafield tag="191" ind1=" " ind2=" ">
    <subfield code="a">S/PV.8907</subfield>
    <subfield code="b">S/</subfield>
    <subfield code="c">76</subfield>
    <subfield code="9">X88</subfield>
    <subfield code="0">(DHLAUTH)917833</subfield>
  </datafield>
  <datafield tag="245" ind1="1" ind2="0">
    <subfield code="a">Security Council, 76th year :</subfield>
    <subfield code="b">8907th meeting, Wednesday, 17 November 2021, New York</subfield>
  </datafield>
  <datafield tag="260" ind1=" " ind2=" ">
    <subfield code="a">[New York] :</subfield>
    <subfield code="b">UN,</subfield>
    <subfield code="c">2021</subfield>
  </datafield>
  <datafield tag="269" ind1=" " ind2=" ">
    <subfield code="a">2021</subfield>
  </datafield>
  <datafield tag="300" ind1=" " ind2=" ">
    <subfield code="a">18 p.</subfield>
  </datafield>
  <datafield tag="610" ind1="2" ind2="7">
    <subfield code="a">UN Assistance Mission in Somalia</subfield>
    <subfield code="2">unbisn</subfield>
    <subfield code="0">(DHLAUTH)834129</subfield>
  </datafield>
  <datafield tag="610" ind1="2" ind2="7">
    <subfield code="a">African Union Mission in Somalia</subfield>
    <subfield code="2">unbisn</subfield>
    <subfield code="0">(DHLAUTH)721539</subfield>
  </datafield>
  <datafield tag="650" ind1="1" ind2="7">
    <subfield code="a">PEACEKEEPING OPERATIONS</subfield>
    <subfield code="2">unbist</subfield>
    <subfield code="0">(DHLAUTH)474428</subfield>
  </datafield>
  <datafield tag="650" ind1="1" ind2="7">
    <subfield code="a">INTERNAL SECURITY</subfield>
    <subfield code="2">unbist</subfield>
    <subfield code="0">(DHLAUTH)268398</subfield>
  </datafield>
  <datafield tag="650" ind1="1" ind2="7">
    <subfield code="2">unbist</subfield>
    <subfield code="a">ELECTIONS</subfield>
    <subfield code="0">(DHLAUTH)268341</subfield>
  </datafield>
  <datafield tag="650" ind1="1" ind2="7">
    <subfield code="2">unbist</subfield>
    <subfield code="a">WOMEN</subfield>
    <subfield code="0">(DHLAUTH)273032</subfield>
  </datafield>
  <datafield tag="650" ind1="1" ind2="7">
    <subfield code="2">unbist</subfield>
    <subfield code="a">POLITICAL PARTICIPATION</subfield>
    <subfield code="0">(DHLAUTH)268475</subfield>
  </datafield>
  <datafield tag="650" ind1="1" ind2="7">
    <subfield code="a">SOMALIA</subfield>
    <subfield code="2">unbist</subfield>
    <subfield code="0">(DHLAUTH)273476</subfield>
  </datafield>
  <datafield tag="650" ind1="1" ind2="7">
    <subfield code="a">SOMALIA SITUATION</subfield>
    <subfield code="2">unbist</subfield>
    <subfield code="0">(DHLAUTH)275504</subfield>
  </datafield>
  <datafield tag="856" ind1="4" ind2=" ">
    <subfield code="y">العربية</subfield>
    <subfield code="9">665bf198-3e59-42a0-ae4a-af88ae7647e2</subfield>
    <subfield code="s">331615</subfield>
    <subfield code="u">https://digitallibrary.un.org/record/3949047/files/S_PV.8907-AR.pdf</subfield>
  </datafield>
  <datafield tag="856" ind1="4" ind2=" ">
    <subfield code="y">English</subfield>
    <subfield code="9">1d7199e6-ae0a-439f-8c45-31ec2ddec02e</subfield>
    <subfield code="s">422822</subfield>
    <subfield code="u">https://digitallibrary.un.org/record/3949047/files/S_PV.8907-EN.pdf</subfield>
  </datafield>
  <datafield tag="856" ind1="4" ind2=" ">
    <subfield code="y">Español</subfield>
    <subfield code="9">654d68fa-2d6b-42db-9d87-79069439857d</subfield>
    <subfield code="s">321154</subfield>
    <subfield code="u">https://digitallibrary.un.org/record/3949047/files/S_PV.8907-ES.pdf</subfield>
  </datafield>
  <datafield tag="856" ind1="4" ind2=" ">
    <subfield code="y">Français</subfield>
    <subfield code="9">9cf8bd55-4627-45ce-8d9a-d49dfd361208</subfield>
    <subfield code="s">501661</subfield>
    <subfield code="u">https://digitallibrary.un.org/record/3949047/files/S_PV.8907-FR.pdf</subfield>
  </datafield>
  <datafield tag="856" ind1="4" ind2=" ">
    <subfield code="y">Русский</subfield>
    <subfield code="9">183082e6-1deb-46e9-9754-dc8f3f8713b6</subfield>
    <subfield code="s">544794</subfield>
    <subfield code="u">https://digitallibrary.un.org/record/3949047/files/S_PV.8907-RU.pdf</subfield>
  </datafield>
  <datafield tag="856" ind1="4" ind2=" ">
    <subfield code="y">中文</subfield>
    <subfield code="9">4a2249e9-1466-4e6f-bb9f-737de0357bfa</subfield>
    <subfield code="s">577654</subfield>
    <subfield code="u">https://digitallibrary.un.org/record/3949047/files/S_PV.8907-ZH.pdf</subfield>
  </datafield>
  <datafield tag="930" ind1=" " ind2=" ">
    <subfield code="a">UNDNO21</subfield>
  </datafield>
  <datafield tag="980" ind1=" " ind2=" ">
    <subfield code="a">BIB</subfield>
  </datafield>
  <datafield tag="981" ind1=" " ind2=" ">
    <subfield code="a">Security Council</subfield>
  </datafield>
  <datafield tag="989" ind1=" " ind2=" ">
    <subfield code="a">Documents and Publications</subfield>
    <subfield code="b">Meeting Records</subfield>
    <subfield code="c">Verbatim Records</subfield>
  </datafield>
  <datafield tag="991" ind1="3" ind2=" ">
    <subfield code="a">S/76</subfield>
    <subfield code="b">[84]</subfield>
    <subfield code="d">SOMALIA SITUATION</subfield>
    <subfield code="e">Participation by non-Council members (without right to vote): Somalia</subfield>
    <subfield code="f">X27</subfield>
    <subfield code="z">I</subfield>
    <subfield code="0">(DHLAUTH)917825</subfield>
  </datafield>
  <datafield tag="991" ind1="3" ind2=" ">
    <subfield code="a">S/76</subfield>
    <subfield code="b">[84]</subfield>
    <subfield code="d">SOMALIA SITUATION</subfield>
    <subfield code="z">I</subfield>
    <subfield code="0">(DHLAUTH)917825</subfield>
  </datafield>
  <datafield tag="991" ind1="3" ind2=" ">
    <subfield code="a">S/</subfield>
    <subfield code="b">X</subfield>
    <subfield code="c">The situation in Somalia.</subfield>
    <subfield code="0">(DHLAUTH)921220</subfield>
  </datafield>
  <datafield tag="992" ind1=" " ind2=" ">
    <subfield code="a">2021-11-17</subfield>
  </datafield>
  <datafield tag="998" ind1=" " ind2=" ">
    <subfield code="a">20211124075200</subfield>
    <subfield code="b">pnser</subfield>
    <subfield code="c">20211203095800</subfield>
    <subfield code="d">vwcat2</subfield>
    <subfield code="x">0x00010000c4beb42b</subfield>
    <subfield code="z">20211203150144</subfield>
  </datafield>
  <datafield tag="999" ind1=" " ind2=" ">
    <subfield code="a">pnq20211124</subfield>
    <subfield code="b">20211124</subfield>
    <subfield code="c">q</subfield>
  </datafield>
  <datafield tag="999" ind1=" " ind2=" ">
    <subfield code="a">vvc20211124</subfield>
    <subfield code="b">20211124</subfield>
    <subfield code="c">c</subfield>
  </datafield>
  <datafield tag="999" ind1=" " ind2=" ">
    <subfield code="a">vwt20211203</subfield>
    <subfield code="b">20211203</subfield>
    <subfield code="c">t</subfield>
  </datafield>
</record>