
<record>
  <controlfield tag="000">00433nam a2200205#a 4500</controlfield>
  <controlfield tag="001">533717</controlfield>
  <controlfield tag="005">20220607163125.0</controlfield>
  <controlfield tag="008">041025c2004    usa    #r     00010 eng d</controlfield>
  <datafield tag="029" ind1=" " ind2=" ">
    <subfield code="a">JN</subfield>
    <subfield code="b">N0456785 E</subfield>
  </datafield>
  <datafield tag="035" ind1=" " ind2=" ">
    <subfield code="a">D756774X</subfield>
    <subfield code="z">D0311988</subfield>
  </datafield>
  <datafield tag="035" ind1=" " ind2=" ">
    <subfield code="a">(DHL)756774</subfield>
  </datafield>
  <datafield tag="039" ind1=" " ind2=" ">
    <subfield code="a">DHU</subfield>
  </datafield>
  <datafield tag="040" ind1=" " ind2=" ">
    <subfield code="a">NNUN</subfield>
    <subfield code="b">eng</subfield>
  </datafield>
  <datafield tag="041" ind1="0" ind2=" ">
    <subfield code="a">arachiengfrerusspa</subfield>
  </datafield>
  <datafield tag="049" ind1=" " ind2=" ">
    <subfield code="a">USA</subfield>
  </datafield>
  <datafield tag="089" ind1=" " ind2=" ">
    <subfield code="b">B02</subfield>
  </datafield>
  <datafield tag="091" ind1=" " ind2=" ">
    <subfield code="a">GEN</subfield>
  </datafield>
  <datafield tag="099" ind1=" " ind2=" ">
    <subfield code="a">UNH</subfield>
    <subfield code="b">DHU</subfield>
  </datafield>
  <datafield tag="191" ind1=" " ind2=" ">
    <subfield code="a">S/2004/829</subfield>
    <subfield code="b">S/</subfield>
    <subfield code="c">59</subfield>
    <subfield code="9">X10</subfield>
    <subfield code="f">3.2638</subfield>
    <subfield code="q">S2004829</subfield>
    <subfield code="r">S59</subfield>
    <subfield code="0">(DHLAUTH)653729</subfield>
  </datafield>
  <datafield tag="239" ind1="1" ind2="0">
    <subfield code="a">Draft resolution [on extension of the mandate of the UN Peacekeeping Force in Cyprus]</subfield>
  </datafield>
  <datafield tag="245" ind1="0" ind2="0">
    <subfield code="a">Draft resolution /</subfield>
    <subfield code="c">United Kingdom of Great Britain and Northern Ireland</subfield>
  </datafield>
  <datafield tag="260" ind1=" " ind2=" ">
    <subfield code="a">[New York] :</subfield>
    <subfield code="b">UN,</subfield>
    <subfield code="c">21 Oct. 2004</subfield>
  </datafield>
  <datafield tag="269" ind1=" " ind2=" ">
    <subfield code="a">2004-10-21</subfield>
  </datafield>
  <datafield tag="300" ind1=" " ind2=" ">
    <subfield code="a">2 p.</subfield>
  </datafield>
  <datafield tag="610" ind1="2" ind2="7">
    <subfield code="a">UN Peacekeeping Force in Cyprus</subfield>
    <subfield code="2">unbisn</subfield>
    <subfield code="0">(DHLAUTH)29236</subfield>
  </datafield>
  <datafield tag="610" ind1="2" ind2="4">
    <subfield code="a">UN PEACEKEEPING FORCE IN CYPRUS</subfield>
    <subfield code="g">TERMS OF REFERENCE.</subfield>
    <subfield code="2">unbisn</subfield>
    <subfield code="0">(DHLAUTH)481306</subfield>
  </datafield>
  <datafield tag="650" ind1="1" ind2="7">
    <subfield code="a">PEACEKEEPING OPERATIONS</subfield>
    <subfield code="2">unbist</subfield>
    <subfield code="0">(DHLAUTH)474428</subfield>
  </datafield>
  <datafield tag="650" ind1="1" ind2="7">
    <subfield code="a">CYPRUS</subfield>
    <subfield code="2">unbist</subfield>
    <subfield code="0">(DHLAUTH)269042</subfield>
  </datafield>
  <datafield tag="650" ind1="1" ind2="7">
    <subfield code="a">MILITARY PERSONNEL</subfield>
    <subfield code="2">unbist</subfield>
    <subfield code="0">(DHLAUTH)268838</subfield>
  </datafield>
  <datafield tag="650" ind1="1" ind2="7">
    <subfield code="2">unbist</subfield>
    <subfield code="a">TÜRKİYE</subfield>
    <subfield code="0">(DHLAUTH)273509</subfield>
  </datafield>
  <datafield tag="650" ind1="1" ind2="7">
    <subfield code="a">CYPRUS QUESTION</subfield>
    <subfield code="2">unbist</subfield>
    <subfield code="0">(DHLAUTH)269039</subfield>
  </datafield>
  <datafield tag="650" ind1="1" ind2="7">
    <subfield code="2">unbist</subfield>
    <subfield code="a">TURKISH CYPRIOT COMMUNITY</subfield>
    <subfield code="0">(DHLAUTH)269040</subfield>
  </datafield>
  <datafield tag="650" ind1="2" ind2="7">
    <subfield code="2">unbist</subfield>
    <subfield code="a">REPORT PREPARATION</subfield>
    <subfield code="0">(DHLAUTH)275139</subfield>
  </datafield>
  <datafield tag="710" ind1="2" ind2=" ">
    <subfield code="a">United Kingdom</subfield>
    <subfield code="9">ms</subfield>
    <subfield code="0">(DHLAUTH)28884</subfield>
  </datafield>
  <datafield tag="856" ind1="4" ind2=" ">
    <subfield code="y">العربية</subfield>
    <subfield code="9">e9674372-04f3-4a9f-ae2f-6ccf5ce169c9</subfield>
    <subfield code="s">81948</subfield>
    <subfield code="u">https://digitallibrary.un.org/record/533717/files/S_2004_829-AR.pdf</subfield>
  </datafield>
  <datafield tag="856" ind1="4" ind2=" ">
    <subfield code="y">中文</subfield>
    <subfield code="9">ea94c8ed-6bee-4590-9f66-636a2fabce0c</subfield>
    <subfield code="s">244345</subfield>
    <subfield code="u">https://digitallibrary.un.org/record/533717/files/S_2004_829-ZH.pdf</subfield>
  </datafield>
  <datafield tag="856" ind1="4" ind2=" ">
    <subfield code="y">English</subfield>
    <subfield code="9">21cd6fd4-9d00-404e-99fe-626dcf2ba9b9</subfield>
    <subfield code="s">25214</subfield>
    <subfield code="u">https://digitallibrary.un.org/record/533717/files/S_2004_829-EN.pdf</subfield>
  </datafield>
  <datafield tag="856" ind1="4" ind2=" ">
    <subfield code="y">Français</subfield>
    <subfield code="9">8849b59f-5958-4995-bbba-3f2f7b365f39</subfield>
    <subfield code="s">26861</subfield>
    <subfield code="u">https://digitallibrary.un.org/record/533717/files/S_2004_829-FR.pdf</subfield>
  </datafield>
  <datafield tag="856" ind1="4" ind2=" ">
    <subfield code="y">Русский</subfield>
    <subfield code="9">b4c2d98e-90a6-4232-98b4-266fb9990873</subfield>
    <subfield code="s">133658</subfield>
    <subfield code="u">https://digitallibrary.un.org/record/533717/files/S_2004_829-RU.pdf</subfield>
  </datafield>
  <datafield tag="856" ind1="4" ind2=" ">
    <subfield code="y">Español</subfield>
    <subfield code="9">a4e162b8-b40f-45e2-a3e3-3744211aaa9d</subfield>
    <subfield code="s">27383</subfield>
    <subfield code="u">https://digitallibrary.un.org/record/533717/files/S_2004_829-ES.pdf</subfield>
  </datafield>
  <datafield tag="930" ind1=" " ind2=" ">
    <subfield code="a">UNDOC04</subfield>
  </datafield>
  <datafield tag="930" ind1=" " ind2=" ">
    <subfield code="a">UDIQ304</subfield>
    <subfield code="b">3.2638</subfield>
  </datafield>
  <datafield tag="949" ind1=" " ind2=" ">
    <subfield code="9">S/2004/829</subfield>
    <subfield code="b">1252955.1.1</subfield>
    <subfield code="i">1252955</subfield>
    <subfield code="k">unfs</subfield>
    <subfield code="c">c. 1</subfield>
    <subfield code="l">DHL</subfield>
    <subfield code="z">t</subfield>
    <subfield code="m">14day</subfield>
    <subfield code="d">20041025000000</subfield>
  </datafield>
  <datafield tag="949" ind1=" " ind2=" ">
    <subfield code="9">S/2004/829</subfield>
    <subfield code="b">1252959.5.1</subfield>
    <subfield code="i">1252959</subfield>
    <subfield code="k">uncs</subfield>
    <subfield code="c">c. 1</subfield>
    <subfield code="l">DHL</subfield>
    <subfield code="z">t</subfield>
    <subfield code="m">14day</subfield>
    <subfield code="d">20041025000000</subfield>
  </datafield>
  <datafield tag="949" ind1=" " ind2=" ">
    <subfield code="9">S/2004/829</subfield>
    <subfield code="b">1252957.3.1</subfield>
    <subfield code="i">1252957</subfield>
    <subfield code="k">unrs</subfield>
    <subfield code="c">c. 1</subfield>
    <subfield code="l">DHL</subfield>
    <subfield code="z">t</subfield>
    <subfield code="m">14day</subfield>
    <subfield code="d">20041025000000</subfield>
  </datafield>
  <datafield tag="949" ind1=" " ind2=" ">
    <subfield code="9">S/2004/829</subfield>
    <subfield code="b">1252956.2.1</subfield>
    <subfield code="i">1252956</subfield>
    <subfield code="k">unss</subfield>
    <subfield code="c">c. 1</subfield>
    <subfield code="l">DHL</subfield>
    <subfield code="z">t</subfield>
    <subfield code="m">14day</subfield>
    <subfield code="d">20041025000000</subfield>
  </datafield>
  <datafield tag="949" ind1=" " ind2=" ">
    <subfield code="9">S/2004/829</subfield>
    <subfield code="b">7567741</subfield>
    <subfield code="i">1252954</subfield>
    <subfield code="k">unes</subfield>
    <subfield code="c">c. 1</subfield>
    <subfield code="l">DHL</subfield>
    <subfield code="z">t</subfield>
    <subfield code="m">14day</subfield>
    <subfield code="d">20041025000000</subfield>
  </datafield>
  <datafield tag="949" ind1=" " ind2=" ">
    <subfield code="9">S/2004/829</subfield>
    <subfield code="b">1252958.4.1</subfield>
    <subfield code="i">1252958</subfield>
    <subfield code="k">unas</subfield>
    <subfield code="c">c. 1</subfield>
    <subfield code="l">DHL</subfield>
    <subfield code="z">t</subfield>
    <subfield code="m">14day</subfield>
    <subfield code="d">20041025000000</subfield>
  </datafield>
  <datafield tag="980" ind1=" " ind2=" ">
    <subfield code="a">BIB</subfield>
  </datafield>
  <datafield tag="981" ind1=" " ind2=" ">
    <subfield code="a">Security Council</subfield>
  </datafield>
  <datafield tag="989" ind1=" " ind2=" ">
    <subfield code="a">Documents and Publications</subfield>
    <subfield code="b">Draft Resolutions and Decisions</subfield>
  </datafield>
  <datafield tag="991" ind1="3" ind2=" ">
    <subfield code="a">S/59</subfield>
    <subfield code="b">[43]</subfield>
    <subfield code="d">UN PEACEKEEPING FORCE IN CYPRUS</subfield>
    <subfield code="z">I0184093</subfield>
    <subfield code="0">(DHLAUTH)653517</subfield>
  </datafield>
  <datafield tag="991" ind1="3" ind2=" ">
    <subfield code="a">S/59</subfield>
    <subfield code="b">[42]</subfield>
    <subfield code="d">CYPRUS QUESTION</subfield>
    <subfield code="z">I0184093</subfield>
    <subfield code="0">(DHLAUTH)653516</subfield>
  </datafield>
  <datafield tag="993" ind1="1" ind2=" ">
    <subfield code="a">S/RES/1568(2004)</subfield>
  </datafield>
  <datafield tag="998" ind1=" " ind2=" ">
    <subfield code="a">20041025092900</subfield>
    <subfield code="b">nmcs</subfield>
    <subfield code="c">20220607115500</subfield>
    <subfield code="d">sh35cat</subfield>
    <subfield code="x">0x00010000c6723586</subfield>
    <subfield code="z">20220607160107</subfield>
  </datafield>
  <datafield tag="999" ind1=" " ind2=" ">
    <subfield code="a">pgt20041025</subfield>
    <subfield code="b">20041025</subfield>
    <subfield code="c">t</subfield>
  </datafield>
  <datafield tag="999" ind1=" " ind2=" ">
    <subfield code="a">nmq20041025</subfield>
    <subfield code="b">20041025</subfield>
    <subfield code="c">q</subfield>
  </datafield>
  <datafield tag="999" ind1=" " ind2=" ">
    <subfield code="a">msc20041025</subfield>
    <subfield code="b">20041025</subfield>
    <subfield code="c">c</subfield>
  </datafield>
  <datafield tag="999" ind1=" " ind2=" ">
    <subfield code="a">TAr20041025</subfield>
    <subfield code="b">20041025</subfield>
    <subfield code="c">r</subfield>
  </datafield>
</record>