
<record>
  <controlfield tag="000">00000nam a22000255a 4500</controlfield>
  <controlfield tag="001">3942375</controlfield>
  <controlfield tag="005">20211004133753.0</controlfield>
  <controlfield tag="008">211001s2021    usa    #r     |||1| eng d</controlfield>
  <datafield tag="029" ind1=" " ind2=" ">
    <subfield code="a">JN</subfield>
    <subfield code="b">N2126710 E</subfield>
  </datafield>
  <datafield tag="035" ind1=" " ind2=" ">
    <subfield code="a">(DHL)1314261</subfield>
  </datafield>
  <datafield tag="039" ind1=" " ind2=" ">
    <subfield code="a">DHU</subfield>
  </datafield>
  <datafield tag="040" ind1=" " ind2=" ">
    <subfield code="a">NNUN</subfield>
    <subfield code="b">eng</subfield>
  </datafield>
  <datafield tag="041" ind1=" " ind2=" ">
    <subfield code="a">eng</subfield>
  </datafield>
  <datafield tag="049" ind1=" " ind2=" ">
    <subfield code="a">usa</subfield>
  </datafield>
  <datafield tag="089" ind1=" " ind2=" ">
    <subfield code="b">B03</subfield>
  </datafield>
  <datafield tag="091" ind1=" " ind2=" ">
    <subfield code="a">PRO</subfield>
  </datafield>
  <datafield tag="099" ind1=" " ind2=" ">
    <subfield code="a">UNH</subfield>
    <subfield code="b">DHU</subfield>
  </datafield>
  <datafield tag="191" ind1=" " ind2=" ">
    <subfield code="a">S/PV.8867</subfield>
    <subfield code="b">S/</subfield>
    <subfield code="c">76</subfield>
    <subfield code="9">X88</subfield>
    <subfield code="0">(DHLAUTH)917833</subfield>
  </datafield>
  <datafield tag="245" ind1="1" ind2="0">
    <subfield code="a">Security Council, 76th year :</subfield>
    <subfield code="b">8867th meeting, Tuesday, 28 September 2021, New York</subfield>
  </datafield>
  <datafield tag="260" ind1=" " ind2=" ">
    <subfield code="a">[New York] :</subfield>
    <subfield code="b">UN,</subfield>
    <subfield code="c">2021</subfield>
  </datafield>
  <datafield tag="269" ind1=" " ind2=" ">
    <subfield code="a">2021</subfield>
  </datafield>
  <datafield tag="300" ind1=" " ind2=" ">
    <subfield code="a">16 p.</subfield>
  </datafield>
  <datafield tag="610" ind1="2" ind2="7">
    <subfield code="a">UN Assistance Mission in Somalia</subfield>
    <subfield code="2">unbisn</subfield>
    <subfield code="0">(DHLAUTH)834129</subfield>
  </datafield>
  <datafield tag="610" ind1="2" ind2="7">
    <subfield code="a">African Union Mission in Somalia</subfield>
    <subfield code="2">unbisn</subfield>
    <subfield code="0">(DHLAUTH)721539</subfield>
  </datafield>
  <datafield tag="650" ind1="1" ind2="7">
    <subfield code="a">PEACEKEEPING OPERATIONS</subfield>
    <subfield code="2">unbist</subfield>
    <subfield code="0">(DHLAUTH)474428</subfield>
  </datafield>
  <datafield tag="650" ind1="1" ind2="7">
    <subfield code="a">INTERNAL SECURITY</subfield>
    <subfield code="2">unbist</subfield>
    <subfield code="0">(DHLAUTH)268398</subfield>
  </datafield>
  <datafield tag="650" ind1="1" ind2="7">
    <subfield code="2">unbist</subfield>
    <subfield code="a">ELECTIONS</subfield>
    <subfield code="0">(DHLAUTH)268341</subfield>
  </datafield>
  <datafield tag="650" ind1="1" ind2="7">
    <subfield code="2">unbist</subfield>
    <subfield code="a">WOMEN</subfield>
    <subfield code="0">(DHLAUTH)273032</subfield>
  </datafield>
  <datafield tag="650" ind1="1" ind2="7">
    <subfield code="2">unbist</subfield>
    <subfield code="a">POLITICAL PARTICIPATION</subfield>
    <subfield code="0">(DHLAUTH)268475</subfield>
  </datafield>
  <datafield tag="650" ind1="1" ind2="7">
    <subfield code="a">SOMALIA</subfield>
    <subfield code="2">unbist</subfield>
    <subfield code="0">(DHLAUTH)273476</subfield>
  </datafield>
  <datafield tag="650" ind1="1" ind2="7">
    <subfield code="a">SOMALIA SITUATION</subfield>
    <subfield code="2">unbist</subfield>
    <subfield code="0">(DHLAUTH)275504</subfield>
  </datafield>
  <datafield tag="856" ind1="4" ind2=" ">
    <subfield code="y">العربية</subfield>
    <subfield code="9">9aef72c1-94f7-458f-a4e4-6147e96f781e</subfield>
    <subfield code="s">313895</subfield>
    <subfield code="u">https://digitallibrary.un.org/record/3942375/files/S_PV.8867-AR.pdf</subfield>
  </datafield>
  <datafield tag="856" ind1="4" ind2=" ">
    <subfield code="y">English</subfield>
    <subfield code="9">b6195a26-bee3-4345-bd22-63955a9c5714</subfield>
    <subfield code="s">392311</subfield>
    <subfield code="u">https://digitallibrary.un.org/record/3942375/files/S_PV.8867-EN.pdf</subfield>
  </datafield>
  <datafield tag="856" ind1="4" ind2=" ">
    <subfield code="y">Español</subfield>
    <subfield code="9">6f2a64c8-a006-48a9-9f5e-12c9a15b72fc</subfield>
    <subfield code="s">304863</subfield>
    <subfield code="u">https://digitallibrary.un.org/record/3942375/files/S_PV.8867-ES.pdf</subfield>
  </datafield>
  <datafield tag="856" ind1="4" ind2=" ">
    <subfield code="y">Français</subfield>
    <subfield code="9">11f712e8-ffbe-438e-9685-355a9fd1727a</subfield>
    <subfield code="s">460372</subfield>
    <subfield code="u">https://digitallibrary.un.org/record/3942375/files/S_PV.8867-FR.pdf</subfield>
  </datafield>
  <datafield tag="856" ind1="4" ind2=" ">
    <subfield code="y">Русский</subfield>
    <subfield code="9">30ba1a93-3908-4f86-8503-e8c461414b4f</subfield>
    <subfield code="s">506505</subfield>
    <subfield code="u">https://digitallibrary.un.org/record/3942375/files/S_PV.8867-RU.pdf</subfield>
  </datafield>
  <datafield tag="856" ind1="4" ind2=" ">
    <subfield code="y">中文</subfield>
    <subfield code="9">1f50e0b9-4d65-4c54-9aff-de3cdfe56175</subfield>
    <subfield code="s">577589</subfield>
    <subfield code="u">https://digitallibrary.un.org/record/3942375/files/S_PV.8867-ZH.pdf</subfield>
  </datafield>
  <datafield tag="930" ind1=" " ind2=" ">
    <subfield code="a">UNDOC21</subfield>
  </datafield>
  <datafield tag="980" ind1=" " ind2=" ">
    <subfield code="a">BIB</subfield>
  </datafield>
  <datafield tag="981" ind1=" " ind2=" ">
    <subfield code="a">Security Council</subfield>
  </datafield>
  <datafield tag="989" ind1=" " ind2=" ">
    <subfield code="a">Documents and Publications</subfield>
    <subfield code="b">Meeting Records</subfield>
    <subfield code="c">Verbatim Records</subfield>
  </datafield>
  <datafield tag="991" ind1="3" ind2=" ">
    <subfield code="a">S/76</subfield>
    <subfield code="b">[84]</subfield>
    <subfield code="d">SOMALIA SITUATION</subfield>
    <subfield code="z">I</subfield>
    <subfield code="0">(DHLAUTH)917825</subfield>
  </datafield>
  <datafield tag="991" ind1="3" ind2=" ">
    <subfield code="a">S/</subfield>
    <subfield code="b">X</subfield>
    <subfield code="c">The situation in Somalia.</subfield>
    <subfield code="0">(DHLAUTH)921220</subfield>
  </datafield>
  <datafield tag="992" ind1=" " ind2=" ">
    <subfield code="a">2021-09-28</subfield>
  </datafield>
  <datafield tag="998" ind1=" " ind2=" ">
    <subfield code="a">20211001141500</subfield>
    <subfield code="b">vvcat</subfield>
    <subfield code="c">20211004133200</subfield>
    <subfield code="d">vwcat2</subfield>
    <subfield code="x">0x00010000c460d349</subfield>
    <subfield code="z">20211004173605</subfield>
  </datafield>
  <datafield tag="999" ind1=" " ind2=" ">
    <subfield code="a">vvc20211001</subfield>
    <subfield code="b">20211001</subfield>
    <subfield code="c">c</subfield>
  </datafield>
  <datafield tag="999" ind1=" " ind2=" ">
    <subfield code="a">vwt20211004</subfield>
    <subfield code="b">20211004</subfield>
    <subfield code="c">t</subfield>
  </datafield>
</record>