
<record>
  <controlfield tag="000">00000nam a22000255a 4500</controlfield>
  <controlfield tag="001">3936216</controlfield>
  <controlfield tag="005">20210831114912.0</controlfield>
  <controlfield tag="008">210817s2021    usa    #r     |||1| eng d</controlfield>
  <datafield tag="029" ind1=" " ind2=" ">
    <subfield code="a">JN</subfield>
    <subfield code="b">N2122321 E</subfield>
  </datafield>
  <datafield tag="035" ind1=" " ind2=" ">
    <subfield code="a">(DHL)1308733</subfield>
  </datafield>
  <datafield tag="039" ind1=" " ind2=" ">
    <subfield code="a">DHU</subfield>
  </datafield>
  <datafield tag="040" ind1=" " ind2=" ">
    <subfield code="a">NNUN</subfield>
    <subfield code="b">eng</subfield>
  </datafield>
  <datafield tag="041" ind1=" " ind2=" ">
    <subfield code="a">eng</subfield>
  </datafield>
  <datafield tag="049" ind1=" " ind2=" ">
    <subfield code="a">usa</subfield>
  </datafield>
  <datafield tag="089" ind1=" " ind2=" ">
    <subfield code="b">B03</subfield>
  </datafield>
  <datafield tag="091" ind1=" " ind2=" ">
    <subfield code="a">GEN</subfield>
  </datafield>
  <datafield tag="099" ind1=" " ind2=" ">
    <subfield code="a">UNH</subfield>
    <subfield code="b">DHU</subfield>
  </datafield>
  <datafield tag="191" ind1=" " ind2=" ">
    <subfield code="a">S/PV.8833</subfield>
    <subfield code="b">S/</subfield>
    <subfield code="c">76</subfield>
    <subfield code="9">X88</subfield>
    <subfield code="0">(DHLAUTH)917833</subfield>
  </datafield>
  <datafield tag="245" ind1="1" ind2="0">
    <subfield code="a">Security Council, 76th year :</subfield>
    <subfield code="b">8833rd meeting, Thursday, 12 August 2021, New York</subfield>
  </datafield>
  <datafield tag="260" ind1=" " ind2=" ">
    <subfield code="a">[New York] :</subfield>
    <subfield code="b">UN,</subfield>
    <subfield code="c">2021</subfield>
  </datafield>
  <datafield tag="269" ind1=" " ind2=" ">
    <subfield code="a">2021</subfield>
  </datafield>
  <datafield tag="300" ind1=" " ind2=" ">
    <subfield code="a">19 p.</subfield>
  </datafield>
  <datafield tag="610" ind1="2" ind2="7">
    <subfield code="a">UN Assistance Mission in Somalia</subfield>
    <subfield code="2">unbisn</subfield>
    <subfield code="0">(DHLAUTH)834129</subfield>
  </datafield>
  <datafield tag="610" ind1="2" ind2="7">
    <subfield code="a">African Union Mission in Somalia</subfield>
    <subfield code="2">unbisn</subfield>
    <subfield code="0">(DHLAUTH)721539</subfield>
  </datafield>
  <datafield tag="650" ind1="1" ind2="7">
    <subfield code="a">PEACEKEEPING OPERATIONS</subfield>
    <subfield code="2">unbist</subfield>
    <subfield code="0">(DHLAUTH)474428</subfield>
  </datafield>
  <datafield tag="650" ind1="1" ind2="7">
    <subfield code="a">INTERNAL SECURITY</subfield>
    <subfield code="2">unbist</subfield>
    <subfield code="0">(DHLAUTH)268398</subfield>
  </datafield>
  <datafield tag="650" ind1="1" ind2="7">
    <subfield code="2">unbist</subfield>
    <subfield code="a">ELECTIONS</subfield>
    <subfield code="0">(DHLAUTH)268341</subfield>
  </datafield>
  <datafield tag="650" ind1="1" ind2="7">
    <subfield code="2">unbist</subfield>
    <subfield code="a">WOMEN</subfield>
    <subfield code="0">(DHLAUTH)273032</subfield>
  </datafield>
  <datafield tag="650" ind1="1" ind2="7">
    <subfield code="2">unbist</subfield>
    <subfield code="a">POLITICAL PARTICIPATION</subfield>
    <subfield code="0">(DHLAUTH)268475</subfield>
  </datafield>
  <datafield tag="650" ind1="1" ind2="7">
    <subfield code="a">SOMALIA</subfield>
    <subfield code="2">unbist</subfield>
    <subfield code="0">(DHLAUTH)273476</subfield>
  </datafield>
  <datafield tag="650" ind1="1" ind2="7">
    <subfield code="a">SOMALIA SITUATION</subfield>
    <subfield code="2">unbist</subfield>
    <subfield code="0">(DHLAUTH)275504</subfield>
  </datafield>
  <datafield tag="856" ind1="4" ind2=" ">
    <subfield code="y">العربية</subfield>
    <subfield code="9">8396c59b-a922-4b91-b042-15f2def5e08b</subfield>
    <subfield code="s">340554</subfield>
    <subfield code="u">https://digitallibrary.un.org/record/3936216/files/S_PV.8833-AR.pdf</subfield>
  </datafield>
  <datafield tag="856" ind1="4" ind2=" ">
    <subfield code="y">English</subfield>
    <subfield code="9">db60b958-b757-4b33-88ed-38270d95d00c</subfield>
    <subfield code="s">402714</subfield>
    <subfield code="u">https://digitallibrary.un.org/record/3936216/files/S_PV.8833-EN.pdf</subfield>
  </datafield>
  <datafield tag="856" ind1="4" ind2=" ">
    <subfield code="y">Español</subfield>
    <subfield code="9">500f17e9-a576-42a1-9dd2-aaed46693d75</subfield>
    <subfield code="s">392526</subfield>
    <subfield code="u">https://digitallibrary.un.org/record/3936216/files/S_PV.8833-ES.pdf</subfield>
  </datafield>
  <datafield tag="856" ind1="4" ind2=" ">
    <subfield code="y">Français</subfield>
    <subfield code="9">cde24644-9cb2-4010-916c-008da1957daf</subfield>
    <subfield code="s">389963</subfield>
    <subfield code="u">https://digitallibrary.un.org/record/3936216/files/S_PV.8833-FR.pdf</subfield>
  </datafield>
  <datafield tag="856" ind1="4" ind2=" ">
    <subfield code="y">Русский</subfield>
    <subfield code="9">7975e9ce-9be3-418e-946a-1420fbcd93ab</subfield>
    <subfield code="s">1105343</subfield>
    <subfield code="u">https://digitallibrary.un.org/record/3936216/files/S_PV.8833-RU.pdf</subfield>
  </datafield>
  <datafield tag="856" ind1="4" ind2=" ">
    <subfield code="y">中文</subfield>
    <subfield code="9">8a5f6cc5-1bfd-4a96-a05b-4c8bb5a27f57</subfield>
    <subfield code="s">567451</subfield>
    <subfield code="u">https://digitallibrary.un.org/record/3936216/files/S_PV.8833-ZH.pdf</subfield>
  </datafield>
  <datafield tag="930" ind1=" " ind2=" ">
    <subfield code="a">UNDAU21</subfield>
  </datafield>
  <datafield tag="980" ind1=" " ind2=" ">
    <subfield code="a">BIB</subfield>
  </datafield>
  <datafield tag="981" ind1=" " ind2=" ">
    <subfield code="a">Security Council</subfield>
  </datafield>
  <datafield tag="989" ind1=" " ind2=" ">
    <subfield code="a">Documents and Publications</subfield>
    <subfield code="b">Meeting Records</subfield>
    <subfield code="c">Verbatim Records</subfield>
  </datafield>
  <datafield tag="991" ind1="3" ind2=" ">
    <subfield code="a">S/76</subfield>
    <subfield code="b">[84]</subfield>
    <subfield code="d">SOMALIA SITUATION</subfield>
    <subfield code="e">Participation by non-Council members (without right to vote): Somalia</subfield>
    <subfield code="f">X27</subfield>
    <subfield code="z">I</subfield>
    <subfield code="0">(DHLAUTH)917825</subfield>
  </datafield>
  <datafield tag="991" ind1="3" ind2=" ">
    <subfield code="a">S/76</subfield>
    <subfield code="b">[84]</subfield>
    <subfield code="d">SOMALIA SITUATION</subfield>
    <subfield code="z">I</subfield>
    <subfield code="0">(DHLAUTH)917825</subfield>
  </datafield>
  <datafield tag="991" ind1="3" ind2=" ">
    <subfield code="a">S/</subfield>
    <subfield code="b">X</subfield>
    <subfield code="c">The situation in Somalia.</subfield>
    <subfield code="0">(DHLAUTH)921220</subfield>
  </datafield>
  <datafield tag="992" ind1=" " ind2=" ">
    <subfield code="a">2021-08-12</subfield>
  </datafield>
  <datafield tag="998" ind1=" " ind2=" ">
    <subfield code="a">20210817090000</subfield>
    <subfield code="b">pacat</subfield>
    <subfield code="c">20210831113200</subfield>
    <subfield code="d">vvcat</subfield>
    <subfield code="x">0x00010000c425d942</subfield>
    <subfield code="z">20210831153756</subfield>
  </datafield>
  <datafield tag="999" ind1=" " ind2=" ">
    <subfield code="a">paq20210817</subfield>
    <subfield code="b">20210817</subfield>
    <subfield code="c">q</subfield>
  </datafield>
  <datafield tag="999" ind1=" " ind2=" ">
    <subfield code="a">vvc20210817</subfield>
    <subfield code="b">20210817</subfield>
    <subfield code="c">c</subfield>
  </datafield>
  <datafield tag="999" ind1=" " ind2=" ">
    <subfield code="a">vwt20210817</subfield>
    <subfield code="b">20210817</subfield>
    <subfield code="c">t</subfield>
  </datafield>
</record>