
<record>
  <controlfield tag="000">00433nam\\2200205#a\4500</controlfield>
  <controlfield tag="001">562136</controlfield>
  <controlfield tag="005">20191106161826.0</controlfield>
  <controlfield tag="008">051208s2005\\\\usa\\\\#r\\\\\00010\eng\d</controlfield>
  <datafield tag="029" ind1=" " ind2=" ">
    <subfield code="a">JN</subfield>
    <subfield code="b">N0560639 E</subfield>
  </datafield>
  <datafield tag="035" ind1=" " ind2=" ">
    <subfield code="a">D790863X</subfield>
    <subfield code="z">D0326137</subfield>
  </datafield>
  <datafield tag="035" ind1=" " ind2=" ">
    <subfield code="a">(DHL)790863</subfield>
  </datafield>
  <datafield tag="039" ind1=" " ind2=" ">
    <subfield code="a">DHU</subfield>
  </datafield>
  <datafield tag="040" ind1=" " ind2=" ">
    <subfield code="a">NNUN</subfield>
    <subfield code="b">eng</subfield>
  </datafield>
  <datafield tag="041" ind1=" " ind2=" ">
    <subfield code="a">arachiengfrerusspa</subfield>
  </datafield>
  <datafield tag="049" ind1=" " ind2=" ">
    <subfield code="a">usa</subfield>
  </datafield>
  <datafield tag="089" ind1=" " ind2=" ">
    <subfield code="b">B19</subfield>
  </datafield>
  <datafield tag="091" ind1=" " ind2=" ">
    <subfield code="a">GEN</subfield>
  </datafield>
  <datafield tag="099" ind1=" " ind2=" ">
    <subfield code="a">UNH</subfield>
    <subfield code="b">DHU</subfield>
  </datafield>
  <datafield tag="191" ind1=" " ind2=" ">
    <subfield code="0">1157253</subfield>
    <subfield code="9">X01</subfield>
    <subfield code="a">S/2005/15/Add.42</subfield>
    <subfield code="b">S/</subfield>
    <subfield code="c">60</subfield>
    <subfield code="f">3.2828</subfield>
    <subfield code="q">S200515ADD42</subfield>
    <subfield code="r">S60</subfield>
  </datafield>
  <datafield tag="245" ind1="1" ind2="0">
    <subfield code="a">Summary statement on matters of which the Security Council is seized and on the stage reached in their consideration :</subfield>
    <subfield code="b">addendum /</subfield>
    <subfield code="c">by the Secretary General</subfield>
  </datafield>
  <datafield tag="249" ind1=" " ind2=" ">
    <subfield code="a">Summary statement on matters of which the Security Council is seized and on the stage reached in their consideration as at 29 Oct. 2005 / by the Secretary-General</subfield>
  </datafield>
  <datafield tag="260" ind1=" " ind2=" ">
    <subfield code="a">[New York] :</subfield>
    <subfield code="b">UN,</subfield>
    <subfield code="c">1 Nov. 2005</subfield>
  </datafield>
  <datafield tag="269" ind1=" " ind2=" ">
    <subfield code="a">2005-11-01</subfield>
  </datafield>
  <datafield tag="300" ind1=" " ind2=" ">
    <subfield code="a">5 p.</subfield>
  </datafield>
  <datafield tag="610" ind1="2" ind2="4">
    <subfield code="0">1167886</subfield>
    <subfield code="a">UN. Security Council (60th year : 2005)</subfield>
    <subfield code="g">Activities (Oct. 2005)</subfield>
  </datafield>
  <datafield tag="610" ind1="2" ind2="7">
    <subfield code="0">901168</subfield>
    <subfield code="2">unbisn</subfield>
    <subfield code="a">UN Mission for the Referendum in Western Sahara</subfield>
  </datafield>
  <datafield tag="610" ind1="2" ind2="4">
    <subfield code="0">1068508</subfield>
    <subfield code="a">UN. Security Council Committee Established pursuant to Resolution 1267 (1999) concerning Al-Qaida and the Taliban and Associated Individuals and Entities</subfield>
  </datafield>
  <datafield tag="610" ind1="2" ind2="7">
    <subfield code="0">1112733</subfield>
    <subfield code="2">unbisn</subfield>
    <subfield code="a">UN. Security Council Committee Established pursuant to Resolution 1373 (2001) concerning Counter-Terrorism</subfield>
  </datafield>
  <datafield tag="610" ind1="2" ind2="7">
    <subfield code="0">1144818</subfield>
    <subfield code="2">unbisn</subfield>
    <subfield code="a">UN. Security Council Committee Established pursuant to Resolution 1540 (2004) concerning Non-Proliferation of Nuclear, Chemical and Biological Weapons</subfield>
  </datafield>
  <datafield tag="650" ind1="1" ind2="7">
    <subfield code="0">1277954</subfield>
    <subfield code="2">unbist</subfield>
    <subfield code="a">PEACEKEEPING OPERATIONS</subfield>
  </datafield>
  <datafield tag="650" ind1="1" ind2="7">
    <subfield code="0">1278086</subfield>
    <subfield code="2">unbist</subfield>
    <subfield code="a">WESTERN SAHARA QUESTION</subfield>
  </datafield>
  <datafield tag="650" ind1="1" ind2="7">
    <subfield code="0">1278078</subfield>
    <subfield code="2">unbist</subfield>
    <subfield code="a">MIDDLE EAST SITUATION</subfield>
  </datafield>
  <datafield tag="650" ind1="1" ind2="7">
    <subfield code="0">1284852</subfield>
    <subfield code="2">unbist</subfield>
    <subfield code="a">WOMEN IN ARMED CONFLICTS</subfield>
  </datafield>
  <datafield tag="650" ind1="1" ind2="7">
    <subfield code="0">1284427</subfield>
    <subfield code="2">unbist</subfield>
    <subfield code="a">DEMOCRATIC REPUBLIC OF THE CONGO SITUATION</subfield>
  </datafield>
  <datafield tag="650" ind1="2" ind2="7">
    <subfield code="0">1284114</subfield>
    <subfield code="2">unbist</subfield>
    <subfield code="a">FORMER YUGOSLAVIA SITUATION</subfield>
  </datafield>
  <datafield tag="650" ind1="2" ind2="7">
    <subfield code="0">1284194</subfield>
    <subfield code="2">unbist</subfield>
    <subfield code="a">TROOP-CONTRIBUTING STATES</subfield>
  </datafield>
  <datafield tag="650" ind1="2" ind2="7">
    <subfield code="0">1282590</subfield>
    <subfield code="2">unbist</subfield>
    <subfield code="a">SUBSIDIARY BODIES</subfield>
  </datafield>
  <datafield tag="651" ind1="1" ind2="7">
    <subfield code="0">1277177</subfield>
    <subfield code="2">unbist</subfield>
    <subfield code="a">KOSOVO (SERBIA)</subfield>
  </datafield>
  <datafield tag="651" ind1="1" ind2="7">
    <subfield code="0">1284797</subfield>
    <subfield code="2">unbist</subfield>
    <subfield code="a">SERBIA AND MONTENEGRO</subfield>
  </datafield>
  <datafield tag="710" ind1="2" ind2=" ">
    <subfield code="0">864434</subfield>
    <subfield code="a">UN. Secretary-General</subfield>
  </datafield>
  <datafield tag="856" ind1="4" ind2=" ">
    <subfield code="s">123227</subfield>
    <subfield code="u">http://digitallibrary.un.org/record/562136/files/S_2005_15_Add.42-AR.pdf</subfield>
    <subfield code="y">العربية</subfield>
  </datafield>
  <datafield tag="856" ind1="4" ind2=" ">
    <subfield code="s">187682</subfield>
    <subfield code="u">http://digitallibrary.un.org/record/562136/files/S_2005_15_Add.42-ZH.pdf</subfield>
    <subfield code="y">中文</subfield>
  </datafield>
  <datafield tag="856" ind1="4" ind2=" ">
    <subfield code="s">39204</subfield>
    <subfield code="u">http://digitallibrary.un.org/record/562136/files/S_2005_15_Add.42-EN.pdf</subfield>
    <subfield code="y">English</subfield>
  </datafield>
  <datafield tag="856" ind1="4" ind2=" ">
    <subfield code="s">50422</subfield>
    <subfield code="u">http://digitallibrary.un.org/record/562136/files/S_2005_15_Add.42-FR.pdf</subfield>
    <subfield code="y">Français</subfield>
  </datafield>
  <datafield tag="856" ind1="4" ind2=" ">
    <subfield code="s">188850</subfield>
    <subfield code="u">http://digitallibrary.un.org/record/562136/files/S_2005_15_Add.42-RU.pdf</subfield>
    <subfield code="y">Русский</subfield>
  </datafield>
  <datafield tag="856" ind1="4" ind2=" ">
    <subfield code="s">131776</subfield>
    <subfield code="u">http://digitallibrary.un.org/record/562136/files/S_2005_15_Add.42-ES.pdf</subfield>
    <subfield code="y">Español</subfield>
  </datafield>
  <datafield tag="930" ind1=" " ind2=" ">
    <subfield code="a">UNDDE05</subfield>
  </datafield>
  <datafield tag="930" ind1=" " ind2=" ">
    <subfield code="a">UDIQ305</subfield>
    <subfield code="b">3.2828</subfield>
  </datafield>
  <datafield tag="949" ind1=" " ind2=" ">
    <subfield code="9">S/2005/15/Add.42</subfield>
    <subfield code="b">1344453.2.1</subfield>
    <subfield code="c">c. 1</subfield>
    <subfield code="d">20051207190000</subfield>
    <subfield code="i">1344453</subfield>
    <subfield code="k">uncs</subfield>
    <subfield code="l">DHL</subfield>
    <subfield code="m">14day</subfield>
    <subfield code="z">t</subfield>
  </datafield>
  <datafield tag="949" ind1=" " ind2=" ">
    <subfield code="9">S/2005/15/Add.42</subfield>
    <subfield code="b">1344455.4.1</subfield>
    <subfield code="c">c. 1</subfield>
    <subfield code="d">20051207190000</subfield>
    <subfield code="i">1344455</subfield>
    <subfield code="k">unrs</subfield>
    <subfield code="l">DHL</subfield>
    <subfield code="m">14day</subfield>
    <subfield code="z">t</subfield>
  </datafield>
  <datafield tag="949" ind1=" " ind2=" ">
    <subfield code="9">S/2005/15/Add.42</subfield>
    <subfield code="b">1344454.3.1</subfield>
    <subfield code="c">c. 1</subfield>
    <subfield code="d">20051207190000</subfield>
    <subfield code="i">1344454</subfield>
    <subfield code="k">unfs</subfield>
    <subfield code="l">DHL</subfield>
    <subfield code="m">14day</subfield>
    <subfield code="z">t</subfield>
  </datafield>
  <datafield tag="949" ind1=" " ind2=" ">
    <subfield code="9">S/2005/15/Add.42</subfield>
    <subfield code="b">10000007908631</subfield>
    <subfield code="c">c. 1</subfield>
    <subfield code="d">20051207190000</subfield>
    <subfield code="i">1344451</subfield>
    <subfield code="k">unes</subfield>
    <subfield code="l">DHL</subfield>
    <subfield code="m">14day</subfield>
    <subfield code="z">t</subfield>
  </datafield>
  <datafield tag="949" ind1=" " ind2=" ">
    <subfield code="9">S/2005/15/Add.42</subfield>
    <subfield code="b">1344452.1.1</subfield>
    <subfield code="c">c. 1</subfield>
    <subfield code="d">20051207190000</subfield>
    <subfield code="i">1344452</subfield>
    <subfield code="k">unas</subfield>
    <subfield code="l">DHL</subfield>
    <subfield code="m">14day</subfield>
    <subfield code="z">t</subfield>
  </datafield>
  <datafield tag="949" ind1=" " ind2=" ">
    <subfield code="9">S/2005/15/Add.42</subfield>
    <subfield code="b">1344456.5.1</subfield>
    <subfield code="c">c. 1</subfield>
    <subfield code="d">20051207190000</subfield>
    <subfield code="i">1344456</subfield>
    <subfield code="k">unss</subfield>
    <subfield code="l">DHL</subfield>
    <subfield code="m">14day</subfield>
    <subfield code="z">t</subfield>
  </datafield>
  <datafield tag="980" ind1=" " ind2=" ">
    <subfield code="a">BIB</subfield>
  </datafield>
  <datafield tag="981" ind1=" " ind2=" ">
    <subfield code="a">Security Council</subfield>
  </datafield>
  <datafield tag="989" ind1=" " ind2=" ">
    <subfield code="a">Documents and Publications</subfield>
  </datafield>
  <datafield tag="991" ind1="3" ind2=" ">
    <subfield code="a">S/60</subfield>
    <subfield code="b">[2]</subfield>
    <subfield code="d">UN. SECURITY COUNCIL (2005)--AGENDA</subfield>
    <subfield code="z">I0188530</subfield>
    <subfield code="0">(DHLAUTH)679053</subfield>
  </datafield>
  <datafield tag="998" ind1=" " ind2=" ">
    <subfield code="a">20051208044500</subfield>
    <subfield code="b">ia25</subfield>
    <subfield code="c">20160728064800</subfield>
    <subfield code="d">shkcat</subfield>
  </datafield>
  <datafield tag="999" ind1=" " ind2=" ">
    <subfield code="a">pgt20051212</subfield>
    <subfield code="b">20051212</subfield>
    <subfield code="c">t</subfield>
  </datafield>
  <datafield tag="999" ind1=" " ind2=" ">
    <subfield code="a">ttc20051208</subfield>
    <subfield code="b">20051208</subfield>
    <subfield code="c">c</subfield>
  </datafield>
  <datafield tag="999" ind1=" " ind2=" ">
    <subfield code="a">iaq20051208</subfield>
    <subfield code="b">20051208</subfield>
    <subfield code="c">q</subfield>
  </datafield>
  <datafield tag="999" ind1=" " ind2=" ">
    <subfield code="a">TAr20051208</subfield>
    <subfield code="b">20051208</subfield>
    <subfield code="c">r</subfield>
  </datafield>
</record>