
<record>
  <controlfield tag="000">02065cam\\2200505#a\4500</controlfield>
  <controlfield tag="001">405193</controlfield>
  <controlfield tag="005">20191106111835.0</controlfield>
  <controlfield tag="008">000106c1999\\\\usa\\\\\r\\\\\00010\eng\d</controlfield>
  <datafield tag="029" ind1=" " ind2=" ">
    <subfield code="a">JN</subfield>
    <subfield code="b">N0022860 E</subfield>
  </datafield>
  <datafield tag="035" ind1=" " ind2=" ">
    <subfield code="a">D605057X</subfield>
    <subfield code="z">D0246264</subfield>
  </datafield>
  <datafield tag="035" ind1=" " ind2=" ">
    <subfield code="a">(DHL)605057</subfield>
  </datafield>
  <datafield tag="039" ind1=" " ind2=" ">
    <subfield code="a">DHU</subfield>
  </datafield>
  <datafield tag="040" ind1=" " ind2=" ">
    <subfield code="a">NNUN</subfield>
    <subfield code="b">eng</subfield>
  </datafield>
  <datafield tag="041" ind1=" " ind2=" ">
    <subfield code="a">arachiengfrerusspa</subfield>
  </datafield>
  <datafield tag="049" ind1=" " ind2=" ">
    <subfield code="a">USA</subfield>
  </datafield>
  <datafield tag="089" ind1=" " ind2=" ">
    <subfield code="b">B15</subfield>
  </datafield>
  <datafield tag="089" ind1=" " ind2=" ">
    <subfield code="b">B16</subfield>
  </datafield>
  <datafield tag="089" ind1=" " ind2=" ">
    <subfield code="b">B11</subfield>
  </datafield>
  <datafield tag="091" ind1=" " ind2=" ">
    <subfield code="a">GEN</subfield>
  </datafield>
  <datafield tag="099" ind1=" " ind2=" ">
    <subfield code="a">UNH</subfield>
    <subfield code="b">DHU</subfield>
  </datafield>
  <datafield tag="191" ind1=" " ind2=" ">
    <subfield code="0">1051868</subfield>
    <subfield code="9">X00</subfield>
    <subfield code="a">S/1999/1302</subfield>
    <subfield code="b">S/</subfield>
    <subfield code="c">54</subfield>
    <subfield code="f">4.2611</subfield>
    <subfield code="q">S19991302</subfield>
    <subfield code="r">S54</subfield>
  </datafield>
  <datafield tag="245" ind1="1" ind2="0">
    <subfield code="a">Report of the Secretary-General on the United Nations Mission of Observers in Prevlaka</subfield>
  </datafield>
  <datafield tag="249" ind1=" " ind2=" ">
    <subfield code="a">Report on the UN Mission of Observers in Prevlaka / Secretary-General</subfield>
  </datafield>
  <datafield tag="260" ind1=" " ind2=" ">
    <subfield code="a">[New York] :</subfield>
    <subfield code="b">UN,</subfield>
    <subfield code="c">31 Dec. 1999</subfield>
  </datafield>
  <datafield tag="269" ind1=" " ind2=" ">
    <subfield code="a">1999-12-31</subfield>
  </datafield>
  <datafield tag="300" ind1=" " ind2=" ">
    <subfield code="a">[7] p. :</subfield>
    <subfield code="b">map, table</subfield>
  </datafield>
  <datafield tag="500" ind1=" " ind2=" ">
    <subfield code="a">Includes#UN map no. 4137: United Nations Mission of Observers in Prevlaka#(Jan. 2000).</subfield>
  </datafield>
  <datafield tag="520" ind1="3" ind2=" ">
    <subfield code="a">Reports on developments in the area of responsibility of the UN Mission of Observers in Prevlaka (UNMOP), progress towards a negotiated settlement, confidence-building measures and financial aspects. Includes observations and recommends that the UNMOP mandate be extended for a further 6 months, until 15 July 2000. Also includes a table on the composition and strength of the military element of UNMOP as at 31 Dec. 1999 and map.</subfield>
  </datafield>
  <datafield tag="610" ind1="1" ind2="7">
    <subfield code="0">927459</subfield>
    <subfield code="2">unbisn</subfield>
    <subfield code="a">UN Mission of Observers in Prevlaka</subfield>
  </datafield>
  <datafield tag="650" ind1="1" ind2="7">
    <subfield code="0">1277954</subfield>
    <subfield code="2">unbist</subfield>
    <subfield code="a">PEACEKEEPING OPERATIONS</subfield>
  </datafield>
  <datafield tag="650" ind1="1" ind2="7">
    <subfield code="0">1282819</subfield>
    <subfield code="2">unbist</subfield>
    <subfield code="a">DEMILITARIZED ZONES</subfield>
  </datafield>
  <datafield tag="650" ind1="1" ind2="7">
    <subfield code="0">1284099</subfield>
    <subfield code="2">unbist</subfield>
    <subfield code="a">CROATIA SITUATION</subfield>
  </datafield>
  <datafield tag="650" ind1="2" ind2="7">
    <subfield code="0">1284114</subfield>
    <subfield code="2">unbist</subfield>
    <subfield code="a">FORMER YUGOSLAVIA SITUATION</subfield>
  </datafield>
  <datafield tag="650" ind1="2" ind2="7">
    <subfield code="0">1278018</subfield>
    <subfield code="2">unbist</subfield>
    <subfield code="a">MILITARY PERSONNEL</subfield>
  </datafield>
  <datafield tag="651" ind1="1" ind2="7">
    <subfield code="0">1277383</subfield>
    <subfield code="2">unbist</subfield>
    <subfield code="a">PREVLAKA PENINSULA</subfield>
  </datafield>
  <datafield tag="710" ind1="2" ind2=" ">
    <subfield code="0">864434</subfield>
    <subfield code="a">UN. Secretary-General</subfield>
  </datafield>
  <datafield tag="856" ind1="4" ind2=" ">
    <subfield code="s">311463</subfield>
    <subfield code="u">http://digitallibrary.un.org/record/405193/files/S_1999_1302-AR.pdf</subfield>
    <subfield code="y">العربية</subfield>
  </datafield>
  <datafield tag="856" ind1="4" ind2=" ">
    <subfield code="s">170730</subfield>
    <subfield code="u">http://digitallibrary.un.org/record/405193/files/S_1999_1302-ZH.pdf</subfield>
    <subfield code="y">中文</subfield>
  </datafield>
  <datafield tag="856" ind1="4" ind2=" ">
    <subfield code="s">21415</subfield>
    <subfield code="u">http://digitallibrary.un.org/record/405193/files/S_1999_1302-EN.pdf</subfield>
    <subfield code="y">English</subfield>
  </datafield>
  <datafield tag="856" ind1="4" ind2=" ">
    <subfield code="s">23772</subfield>
    <subfield code="u">http://digitallibrary.un.org/record/405193/files/S_1999_1302-FR.pdf</subfield>
    <subfield code="y">Français</subfield>
  </datafield>
  <datafield tag="856" ind1="4" ind2=" ">
    <subfield code="s">52148</subfield>
    <subfield code="u">http://digitallibrary.un.org/record/405193/files/S_1999_1302-RU.pdf</subfield>
    <subfield code="y">Русский</subfield>
  </datafield>
  <datafield tag="856" ind1="4" ind2=" ">
    <subfield code="s">23396</subfield>
    <subfield code="u">http://digitallibrary.un.org/record/405193/files/S_1999_1302-ES.pdf</subfield>
    <subfield code="y">Español</subfield>
  </datafield>
  <datafield tag="930" ind1=" " ind2=" ">
    <subfield code="a">DAA</subfield>
  </datafield>
  <datafield tag="930" ind1=" " ind2=" ">
    <subfield code="a">UNDJA00</subfield>
  </datafield>
  <datafield tag="930" ind1=" " ind2=" ">
    <subfield code="a">UPDQ499</subfield>
  </datafield>
  <datafield tag="930" ind1=" " ind2=" ">
    <subfield code="a">UDIQD99</subfield>
    <subfield code="b">4.2611</subfield>
  </datafield>
  <datafield tag="949" ind1=" " ind2=" ">
    <subfield code="9">S/1999/1302</subfield>
    <subfield code="b">819998.4.1</subfield>
    <subfield code="c">c. 1</subfield>
    <subfield code="d">20000105190000</subfield>
    <subfield code="i">819998</subfield>
    <subfield code="k">uncs</subfield>
    <subfield code="l">DHL</subfield>
    <subfield code="m">14day</subfield>
    <subfield code="z">t</subfield>
  </datafield>
  <datafield tag="949" ind1=" " ind2=" ">
    <subfield code="9">S/1999/1302</subfield>
    <subfield code="b">820000.6.1</subfield>
    <subfield code="c">c. 1</subfield>
    <subfield code="d">20000105190000</subfield>
    <subfield code="i">820000</subfield>
    <subfield code="k">unrs</subfield>
    <subfield code="l">DHL</subfield>
    <subfield code="m">14day</subfield>
    <subfield code="z">t</subfield>
  </datafield>
  <datafield tag="949" ind1=" " ind2=" ">
    <subfield code="9">S/1999/1302</subfield>
    <subfield code="b">6050571</subfield>
    <subfield code="c">c. 1</subfield>
    <subfield code="d">20000105190000</subfield>
    <subfield code="i">819995</subfield>
    <subfield code="k">unes</subfield>
    <subfield code="l">DHL</subfield>
    <subfield code="m">14day</subfield>
    <subfield code="z">t</subfield>
  </datafield>
  <datafield tag="949" ind1=" " ind2=" ">
    <subfield code="9">S/1999/1302</subfield>
    <subfield code="b">819996.2.1</subfield>
    <subfield code="c">c. 2</subfield>
    <subfield code="d">20000105190000</subfield>
    <subfield code="i">819996</subfield>
    <subfield code="k">unes</subfield>
    <subfield code="l">DHL</subfield>
    <subfield code="m">14day</subfield>
    <subfield code="z">t</subfield>
  </datafield>
  <datafield tag="949" ind1=" " ind2=" ">
    <subfield code="9">S/1999/1302</subfield>
    <subfield code="b">819997.3.1</subfield>
    <subfield code="c">c. 1</subfield>
    <subfield code="d">20000105190000</subfield>
    <subfield code="i">819997</subfield>
    <subfield code="k">unas</subfield>
    <subfield code="l">DHL</subfield>
    <subfield code="m">14day</subfield>
    <subfield code="z">t</subfield>
  </datafield>
  <datafield tag="949" ind1=" " ind2=" ">
    <subfield code="9">S/1999/1302</subfield>
    <subfield code="b">820001.7.1</subfield>
    <subfield code="c">c. 1</subfield>
    <subfield code="d">20000105190000</subfield>
    <subfield code="i">820001</subfield>
    <subfield code="k">unss</subfield>
    <subfield code="l">DHL</subfield>
    <subfield code="m">14day</subfield>
    <subfield code="z">t</subfield>
  </datafield>
  <datafield tag="949" ind1=" " ind2=" ">
    <subfield code="9">S/1999/1302</subfield>
    <subfield code="b">819999.5.1</subfield>
    <subfield code="c">c. 1</subfield>
    <subfield code="d">20000105190000</subfield>
    <subfield code="i">819999</subfield>
    <subfield code="k">unfs</subfield>
    <subfield code="l">DHL</subfield>
    <subfield code="m">14day</subfield>
    <subfield code="z">t</subfield>
  </datafield>
  <datafield tag="980" ind1=" " ind2=" ">
    <subfield code="a">BIB</subfield>
  </datafield>
  <datafield tag="981" ind1=" " ind2=" ">
    <subfield code="a">Security Council</subfield>
  </datafield>
  <datafield tag="989" ind1=" " ind2=" ">
    <subfield code="a">Documents and Publications</subfield>
    <subfield code="b">Reports</subfield>
    <subfield code="c">Secretary-General's Reports</subfield>
  </datafield>
  <datafield tag="991" ind1="3" ind2=" ">
    <subfield code="a">S/54</subfield>
    <subfield code="b">[68]</subfield>
    <subfield code="d">UN MISSION OF OBSERVERS IN PREVLAKA</subfield>
    <subfield code="z">I0140789</subfield>
    <subfield code="0">(DHLAUTH)527133</subfield>
  </datafield>
  <datafield tag="991" ind1="3" ind2=" ">
    <subfield code="a">S/54</subfield>
    <subfield code="b">[60]</subfield>
    <subfield code="d">FORMER YUGOSLAVIA SITUATION</subfield>
    <subfield code="z">I0140789</subfield>
    <subfield code="0">(DHLAUTH)527125</subfield>
  </datafield>
  <datafield tag="991" ind1="3" ind2=" ">
    <subfield code="a">S/54</subfield>
    <subfield code="b">[65]</subfield>
    <subfield code="d">CROATIA SITUATION</subfield>
    <subfield code="z">I0140789</subfield>
    <subfield code="0">(DHLAUTH)527130</subfield>
  </datafield>
  <datafield tag="998" ind1=" " ind2=" ">
    <subfield code="a">20000105190000</subfield>
    <subfield code="b">lccs</subfield>
    <subfield code="c">20160728064800</subfield>
    <subfield code="d">shkcat</subfield>
  </datafield>
  <datafield tag="999" ind1=" " ind2=" ">
    <subfield code="a">pg</subfield>
    <subfield code="b">20000110</subfield>
    <subfield code="c">r</subfield>
  </datafield>
  <datafield tag="999" ind1=" " ind2=" ">
    <subfield code="a">lc</subfield>
    <subfield code="b">20000106</subfield>
    <subfield code="c">q</subfield>
  </datafield>
  <datafield tag="999" ind1=" " ind2=" ">
    <subfield code="a">ss</subfield>
    <subfield code="b">20000106</subfield>
    <subfield code="c">c</subfield>
  </datafield>
  <datafield tag="999" ind1=" " ind2=" ">
    <subfield code="a">jm</subfield>
    <subfield code="b">20000106</subfield>
    <subfield code="c">a</subfield>
  </datafield>
  <datafield tag="999" ind1=" " ind2=" ">
    <subfield code="a">TA</subfield>
    <subfield code="b">20000114</subfield>
    <subfield code="c">r</subfield>
  </datafield>
</record>