
<record>
  <controlfield tag="000">01358cam\\2200397#a\4500</controlfield>
  <controlfield tag="001">458555</controlfield>
  <controlfield tag="005">20230217200836.0</controlfield>
  <controlfield tag="008">020220c2002\\\\usa\\\\\r\\\\\00010\eng\d</controlfield>
  <datafield tag="029" ind1=" " ind2=" ">
    <subfield code="a">JN</subfield>
    <subfield code="b">N0222376 E</subfield>
  </datafield>
  <datafield tag="035" ind1=" " ind2=" ">
    <subfield code="a">D668618X</subfield>
    <subfield code="z">D0272876</subfield>
  </datafield>
  <datafield tag="035" ind1=" " ind2=" ">
    <subfield code="a">(DHL)668618</subfield>
  </datafield>
  <datafield tag="039" ind1=" " ind2=" ">
    <subfield code="a">DHU</subfield>
  </datafield>
  <datafield tag="040" ind1=" " ind2=" ">
    <subfield code="a">NNUN</subfield>
    <subfield code="b">eng</subfield>
  </datafield>
  <datafield tag="041" ind1="0" ind2=" ">
    <subfield code="a">arachiengfrerusspa</subfield>
  </datafield>

  <datafield tag="049" ind1=" " ind2=" ">
    <subfield code="a">USA</subfield>
  </datafield>
  <datafield tag="089" ind1=" " ind2=" ">
    <subfield code="b">B15</subfield>
  </datafield>
  <datafield tag="089" ind1=" " ind2=" ">
    <subfield code="b">B16</subfield>
  </datafield>
  <datafield tag="091" ind1=" " ind2=" ">
    <subfield code="a">GEN</subfield>
  </datafield>
  <datafield tag="099" ind1=" " ind2=" ">
    <subfield code="a">UNH</subfield>
    <subfield code="b">DHU</subfield>
  </datafield>
  <datafield tag="191" ind1=" " ind2=" ">
    <subfield code="a">A/56/782</subfield>
    <subfield code="b">A/</subfield>
    <subfield code="c">56</subfield>
    <subfield code="9">G00</subfield>
    <subfield code="f">4.0105</subfield>
    <subfield code="q">A56782</subfield>
    <subfield code="r">A56</subfield>
    <subfield code="0">(DHLAUTH)599354</subfield>
  </datafield>
  <datafield tag="245" ind1="1" ind2="0">
    <subfield code="a">Financial performance report of the United Nations Peacekeeping Force in Cyprus for the period from 1 July 2000 to 30 June 2001 :</subfield>
    <subfield code="b">report of the Secretary-General</subfield>
  </datafield>
  <datafield tag="260" ind1=" " ind2=" ">
    <subfield code="a">[New York] :</subfield>
    <subfield code="b">UN,</subfield>
    <subfield code="c">21 Jan. 2002</subfield>
  </datafield>
  <datafield tag="269" ind1=" " ind2=" ">
    <subfield code="a">2002-01-21</subfield>
  </datafield>
  <datafield tag="300" ind1=" " ind2=" ">
    <subfield code="a">20 p. :</subfield>
    <subfield code="b">charts, tables</subfield>
  </datafield>
  <datafield tag="610" ind1="2" ind2="4">
    <subfield code="a">UN Peacekeeping Force in Cyprus</subfield>
    <subfield code="g">Financing (2000-2001)</subfield>
    <subfield code="0">(DHLAUTH)618380</subfield>
  </datafield>
  <datafield tag="650" ind1="1" ind2="7">
    <subfield code="a">PEACEKEEPING OPERATIONS</subfield>
    <subfield code="2">unbist</subfield>
    <subfield code="0">(DHLAUTH)474428</subfield>
  </datafield>
  <datafield tag="650" ind1="1" ind2="7">
    <subfield code="a">CYPRUS</subfield>
    <subfield code="2">unbist</subfield>
    <subfield code="0">(DHLAUTH)269042</subfield>
  </datafield>
  <datafield tag="650" ind1="1" ind2="7">
    <subfield code="a">BUDGET PERFORMANCE</subfield>
    <subfield code="2">unbist</subfield>
    <subfield code="0">(DHLAUTH)275751</subfield>
  </datafield>
  <datafield tag="650" ind1="1" ind2="7">
    <subfield code="a">STAFFING</subfield>
    <subfield code="2">unbist</subfield>
    <subfield code="0">(DHLAUTH)272050</subfield>
  </datafield>
  <datafield tag="650" ind1="1" ind2="7">
    <subfield code="a">COSTS</subfield>
    <subfield code="2">unbist</subfield>
    <subfield code="0">(DHLAUTH)269595</subfield>
  </datafield>
  <datafield tag="650" ind1="2" ind2="7">
    <subfield code="a">MILITARY PERSONNEL</subfield>
    <subfield code="2">unbist</subfield>
    <subfield code="0">(DHLAUTH)268838</subfield>
  </datafield>

  <datafield tag="710" ind1="2" ind2=" ">
    <subfield code="a">UN. Secretary-General</subfield>
    <subfield code="0">(DHLAUTH)10663</subfield>
  </datafield>
  <datafield tag="856" ind1="4" ind2=" ">
    <subfield code="y">العربية</subfield>
    <subfield code="9">58e1812c-7d4b-4bce-9df3-587c91189a59</subfield>
    <subfield code="s">257326</subfield>
    <subfield code="u">https://digitallibrary.un.org/record/458555/files/A_56_782-AR.pdf</subfield>
  </datafield>
  <datafield tag="856" ind1="4" ind2=" ">
    <subfield code="y">English</subfield>
    <subfield code="9">2e247859-7a5e-45ee-b77e-418649bbf0e4</subfield>
    <subfield code="s">186389</subfield>
    <subfield code="u">https://digitallibrary.un.org/record/458555/files/A_56_782-EN.pdf</subfield>
  </datafield>
  <datafield tag="856" ind1="4" ind2=" ">
    <subfield code="y">Español</subfield>
    <subfield code="9">9bf794f2-f3b9-4173-8741-666238fe281f</subfield>
    <subfield code="s">217375</subfield>
    <subfield code="u">https://digitallibrary.un.org/record/458555/files/A_56_782-ES.pdf</subfield>
  </datafield>
  <datafield tag="856" ind1="4" ind2=" ">
    <subfield code="y">Français</subfield>
    <subfield code="9">e18ff201-b07d-4ee9-951a-36db84c101d9</subfield>
    <subfield code="s">186115</subfield>
    <subfield code="u">https://digitallibrary.un.org/record/458555/files/A_56_782-FR.pdf</subfield>
  </datafield>
  <datafield tag="856" ind1="4" ind2=" ">
    <subfield code="y">Русский</subfield>
    <subfield code="9">0319927d-4017-415f-adff-b0e04e9c3bc9</subfield>
    <subfield code="s">329179</subfield>
    <subfield code="u">https://digitallibrary.un.org/record/458555/files/A_56_782-RU.pdf</subfield>
  </datafield>
  <datafield tag="856" ind1="4" ind2=" ">
    <subfield code="y">中文</subfield>
    <subfield code="9">3454294a-3180-4dd4-893a-1e776daa949d</subfield>
    <subfield code="s">435747</subfield>
    <subfield code="u">https://digitallibrary.un.org/record/458555/files/A_56_782-ZH.pdf</subfield>
  </datafield>
  <datafield tag="930" ind1=" " ind2=" ">
    <subfield code="a">UNDFE02</subfield>
  </datafield>
  <datafield tag="930" ind1=" " ind2=" ">
    <subfield code="a">UDIQ401</subfield>
    <subfield code="b">4.0105</subfield>
  </datafield>
  <datafield tag="949" ind1=" " ind2=" ">
    <subfield code="9">A/56/782</subfield>
    <subfield code="b">1019834.4.1</subfield>
    <subfield code="c">c. 1</subfield>
    <subfield code="d">20020220190000</subfield>
    <subfield code="i">1019834</subfield>
    <subfield code="k">unrs</subfield>
    <subfield code="l">DHL</subfield>
    <subfield code="m">14day</subfield>
    <subfield code="z">t</subfield>
  </datafield>
  <datafield tag="949" ind1=" " ind2=" ">
    <subfield code="9">A/56/782</subfield>
    <subfield code="b">1019833.3.1</subfield>
    <subfield code="c">c. 1</subfield>
    <subfield code="d">20020220190000</subfield>
    <subfield code="i">1019833</subfield>
    <subfield code="k">unfs</subfield>
    <subfield code="l">DHL</subfield>
    <subfield code="m">14day</subfield>
    <subfield code="z">t</subfield>
  </datafield>
  <datafield tag="949" ind1=" " ind2=" ">
    <subfield code="9">A/56/782</subfield>
    <subfield code="b">6686181</subfield>
    <subfield code="c">c. 1</subfield>
    <subfield code="d">20020220190000</subfield>
    <subfield code="i">1019830</subfield>
    <subfield code="k">unes</subfield>
    <subfield code="l">DHL</subfield>
    <subfield code="m">14day</subfield>
    <subfield code="z">t</subfield>
  </datafield>
  <datafield tag="949" ind1=" " ind2=" ">
    <subfield code="9">A/56/782</subfield>
    <subfield code="b">1019831.1.1</subfield>
    <subfield code="c">c. 1</subfield>
    <subfield code="d">20020220190000</subfield>
    <subfield code="i">1019831</subfield>
    <subfield code="k">unas</subfield>
    <subfield code="l">DHL</subfield>
    <subfield code="m">14day</subfield>
    <subfield code="z">t</subfield>
  </datafield>
  <datafield tag="949" ind1=" " ind2=" ">
    <subfield code="9">A/56/782</subfield>
    <subfield code="b">1019835.5.1</subfield>
    <subfield code="c">c. 1</subfield>
    <subfield code="d">20020220190000</subfield>
    <subfield code="i">1019835</subfield>
    <subfield code="k">unss</subfield>
    <subfield code="l">DHL</subfield>
    <subfield code="m">14day</subfield>
    <subfield code="z">t</subfield>
  </datafield>
  <datafield tag="949" ind1=" " ind2=" ">
    <subfield code="9">A/56/782</subfield>
    <subfield code="b">1019832.2.1</subfield>
    <subfield code="c">c. 1</subfield>
    <subfield code="d">20020220190000</subfield>
    <subfield code="i">1019832</subfield>
    <subfield code="k">uncs</subfield>
    <subfield code="l">DHL</subfield>
    <subfield code="m">14day</subfield>
    <subfield code="z">t</subfield>
  </datafield>
  <datafield tag="980" ind1=" " ind2=" ">
    <subfield code="a">BIB</subfield>
  </datafield>
  <datafield tag="981" ind1=" " ind2=" ">
    <subfield code="a">General Assembly</subfield>
    <subfield code="b">General Assembly Plenary</subfield>
  </datafield>
  <datafield tag="989" ind1=" " ind2=" ">
    <subfield code="a">Documents and Publications</subfield>
    <subfield code="b">Reports</subfield>
    <subfield code="c">Secretary-General's Reports</subfield>
  </datafield>
  <datafield tag="991" ind1="1" ind2=" ">
    <subfield code="a">A/56/251</subfield>
    <subfield code="b">149</subfield>
    <subfield code="c">Financing of the United Nations Peacekeeping in Cyprus.</subfield>
    <subfield code="d">UN PEACEKEEPING FORCE IN CYPRUS--FINANCING</subfield>
    <subfield code="z">I0171987</subfield>
    <subfield code="0">(DHLAUTH)601805</subfield>
  </datafield>
  <datafield tag="998" ind1=" " ind2=" ">
    <subfield code="a">20020221000000</subfield>
    <subfield code="b">ia25</subfield>
    <subfield code="c">20160728104800</subfield>
    <subfield code="d">shkcat</subfield>
    <subfield code="x">0x00010000b4545920</subfield>
    <subfield code="z">20200217173843</subfield>
  </datafield>
  <datafield tag="999" ind1=" " ind2=" ">
    <subfield code="a">pgt20020225</subfield>
    <subfield code="b">20020225</subfield>
    <subfield code="c">t</subfield>
  </datafield>
  <datafield tag="999" ind1=" " ind2=" ">
    <subfield code="a">SLc20020221</subfield>
    <subfield code="b">20020221</subfield>
    <subfield code="c">c</subfield>
  </datafield>
  <datafield tag="999" ind1=" " ind2=" ">
    <subfield code="a">SLp20020221</subfield>
    <subfield code="b">20020221</subfield>
    <subfield code="c">p</subfield>
  </datafield>
  <datafield tag="999" ind1=" " ind2=" ">
    <subfield code="a">iaq20020220</subfield>
    <subfield code="b">20020220</subfield>
    <subfield code="c">q</subfield>
  </datafield>
  <datafield tag="999" ind1=" " ind2=" ">
    <subfield code="a">TAr20020225</subfield>
    <subfield code="b">20020225</subfield>
    <subfield code="c">r</subfield>
  </datafield>
</record>