
<record>
  <controlfield tag="000">02259cam\\2200601#\\4500</controlfield>
  <controlfield tag="001">188288</controlfield>
  <controlfield tag="005">20181114232401.0</controlfield>
  <controlfield tag="008">940613s1994\\\\che\\\\\r\\\\\\\\\\\eng\u</controlfield>
  <datafield tag="029" ind1=" " ind2=" ">
    <subfield code="a">JN</subfield>
    <subfield code="b">G9412948 E</subfield>
  </datafield>
  <datafield tag="035" ind1=" " ind2=" ">
    <subfield code="a">D344846X</subfield>
    <subfield code="z">D9523656</subfield>
  </datafield>
  <datafield tag="035" ind1=" " ind2=" ">
    <subfield code="a">(DHL)344846</subfield>
  </datafield>
  <datafield tag="039" ind1=" " ind2=" ">
    <subfield code="a">GUN</subfield>
  </datafield>
  <datafield tag="040" ind1=" " ind2=" ">
    <subfield code="a">SzGeBNU</subfield>
    <subfield code="b">eng</subfield>
  </datafield>
  <datafield tag="041" ind1=" " ind2=" ">
    <subfield code="a">arachiengfrerusspa</subfield>
  </datafield>
  <datafield tag="049" ind1=" " ind2=" ">
    <subfield code="a">che</subfield>
  </datafield>
  <datafield tag="069" ind1=" " ind2=" ">
    <subfield code="a">HUR</subfield>
    <subfield code="b">0102</subfield>
  </datafield>
  <datafield tag="089" ind1=" " ind2=" ">
    <subfield code="a">Reports/studies</subfield>
    <subfield code="b">B16</subfield>
  </datafield>
  <datafield tag="091" ind1=" " ind2=" ">
    <subfield code="a">GEN</subfield>
  </datafield>
  <datafield tag="099" ind1=" " ind2=" ">
    <subfield code="a">UNG</subfield>
    <subfield code="b">GUN</subfield>
  </datafield>
  <datafield tag="191" ind1=" " ind2=" ">
    <subfield code="0">996109</subfield>
    <subfield code="a">E/CN.4/1995/4</subfield>
    <subfield code="b">E/CN.4/</subfield>
    <subfield code="c">51</subfield>
    <subfield code="d">E/CN.4/</subfield>
    <subfield code="e">1995/4</subfield>
    <subfield code="f">005932</subfield>
    <subfield code="q">ECN419954</subfield>
    <subfield code="r">ECN451</subfield>
  </datafield>
  <datafield tag="245" ind1="1" ind2="0">
    <subfield code="a">Situation of human rights in the territory of the former Yugoslavia :</subfield>
    <subfield code="b">7th periodic report on the situation of human rights in the territory of the former Yugoslavia /</subfield>
    <subfield code="c">submitted by Tadeusz Mazowiecki, Special Rapporteur of the Commission on Human Rights, pursuant to paragraph 37 of Commission resolution 1994/72 of 9 March 1994.</subfield>
  </datafield>
  <datafield tag="246" ind1="3" ind2=" ">
    <subfield code="a">7th periodic report on the situation of human rights in the territory of the former Yugoslavia</subfield>
  </datafield>
  <datafield tag="246" ind1="3" ind2=" ">
    <subfield code="a">Seventh periodic report on the situation of human rights in the territory of the former Yugoslavia</subfield>
  </datafield>
  <datafield tag="260" ind1=" " ind2=" ">
    <subfield code="a">Geneva :</subfield>
    <subfield code="b">UN,</subfield>
    <subfield code="c">10 June 1994.</subfield>
  </datafield>
  <datafield tag="269" ind1=" " ind2=" ">
    <subfield code="a">1994-06-10</subfield>
  </datafield>
  <datafield tag="300" ind1=" " ind2=" ">
    <subfield code="a">4 p.</subfield>
  </datafield>
  <datafield tag="500" ind1=" " ind2=" ">
    <subfield code="a">Issued under agenda item 12.</subfield>
  </datafield>
  <datafield tag="505" ind1=" " ind2=" ">
    <subfield code="a">Situation in Gorazde.</subfield>
  </datafield>
  <datafield tag="610" ind1="2" ind2="7">
    <subfield code="0">906873</subfield>
    <subfield code="a">UN Protection Force</subfield>
  </datafield>
  <datafield tag="610" ind1="2" ind2="7">
    <subfield code="0">866635</subfield>
    <subfield code="a">UNHCR</subfield>
  </datafield>
  <datafield tag="650" ind1="0" ind2="7">
    <subfield code="0">1281052</subfield>
    <subfield code="a">HUMAN RIGHTS</subfield>
  </datafield>
  <datafield tag="650" ind1="0" ind2="7">
    <subfield code="0">1284335</subfield>
    <subfield code="a">SAFE AREAS</subfield>
  </datafield>
  <datafield tag="650" ind1="0" ind2="7">
    <subfield code="0">1282930</subfield>
    <subfield code="a">ARMED INCIDENTS</subfield>
  </datafield>
  <datafield tag="650" ind1="0" ind2="7">
    <subfield code="0">1281028</subfield>
    <subfield code="a">CIVILIAN PERSONS</subfield>
  </datafield>
  <datafield tag="650" ind1="0" ind2="7">
    <subfield code="0">1281005</subfield>
    <subfield code="a">HUMANITARIAN ASSISTANCE</subfield>
  </datafield>
  <datafield tag="650" ind1="0" ind2="7">
    <subfield code="0">1284050</subfield>
    <subfield code="a">SERBS</subfield>
  </datafield>
  <datafield tag="650" ind1="0" ind2="7">
    <subfield code="0">1281568</subfield>
    <subfield code="a">MUSLIMS</subfield>
  </datafield>
  <datafield tag="650" ind1="0" ind2="7">
    <subfield code="0">1282608</subfield>
    <subfield code="a">DESTRUCTION OF PROPERTY</subfield>
  </datafield>
  <datafield tag="650" ind1="0" ind2="7">
    <subfield code="0">1280969</subfield>
    <subfield code="a">DISPLACED PERSONS</subfield>
  </datafield>
  <datafield tag="650" ind1="0" ind2="7">
    <subfield code="0">1277954</subfield>
    <subfield code="a">PEACEKEEPING OPERATIONS</subfield>
  </datafield>
  <datafield tag="650" ind1="0" ind2="7">
    <subfield code="0">1284093</subfield>
    <subfield code="a">BOSNIA AND HERZEGOVINA SITUATION</subfield>
  </datafield>
  <datafield tag="650" ind1="0" ind2="7">
    <subfield code="0">1282983</subfield>
    <subfield code="a">HUMAN RIGHTS VIOLATIONS</subfield>
  </datafield>
  <datafield tag="650" ind1="0" ind2="7">
    <subfield code="0">1281053</subfield>
    <subfield code="a">HUMAN RIGHTS IN ARMED CONFLICTS</subfield>
  </datafield>
  <datafield tag="650" ind1="0" ind2="7">
    <subfield code="0">1283224</subfield>
    <subfield code="a">STAFF SECURITY</subfield>
  </datafield>
  <datafield tag="650" ind1="0" ind2="7">
    <subfield code="0">1278018</subfield>
    <subfield code="a">MILITARY PERSONNEL</subfield>
  </datafield>
  <datafield tag="650" ind1="0" ind2="7">
    <subfield code="0">1281067</subfield>
    <subfield code="a">WAR CRIMES</subfield>
  </datafield>
  <datafield tag="651" ind1="0" ind2="7">
    <subfield code="0">1284077</subfield>
    <subfield code="a">BOSNIA AND HERZEGOVINA</subfield>
  </datafield>
  <datafield tag="651" ind1="0" ind2="7">
    <subfield code="0">1277058</subfield>
    <subfield code="a">GORAZDE (BOSNIA AND HERZEGOVINA)</subfield>
  </datafield>
  <datafield tag="700" ind1="1" ind2="0">
    <subfield code="0">955368</subfield>
    <subfield code="a">Mazowiecki, Tadeusz</subfield>
  </datafield>
  <datafield tag="710" ind1="2" ind2="0">
    <subfield code="0">908569</subfield>
    <subfield code="a">UN. Commission on Human Rights. Special Rapporteur on the Situation of Human Rights in Bosnia and Herzegovina, the Republic of Croatia and the Federal Republic of Yugoslavia</subfield>
  </datafield>
  <datafield tag="856" ind1="4" ind2=" ">
    <subfield code="s">181102</subfield>
    <subfield code="u">http://digitallibrary.un.org/record/188288/files/E_CN.4_1995_4-AR.pdf</subfield>
    <subfield code="y">العربية</subfield>
  </datafield>
  <datafield tag="856" ind1="4" ind2=" ">
    <subfield code="s">303081</subfield>
    <subfield code="u">http://digitallibrary.un.org/record/188288/files/E_CN.4_1995_4-ZH.pdf</subfield>
    <subfield code="y">中文</subfield>
  </datafield>
  <datafield tag="856" ind1="4" ind2=" ">
    <subfield code="s">303585</subfield>
    <subfield code="u">http://digitallibrary.un.org/record/188288/files/E_CN.4_1995_4-EN.pdf</subfield>
    <subfield code="y">English</subfield>
  </datafield>
  <datafield tag="856" ind1="4" ind2=" ">
    <subfield code="s">22695</subfield>
    <subfield code="u">http://digitallibrary.un.org/record/188288/files/E_CN.4_1995_4-FR.pdf</subfield>
    <subfield code="y">Français</subfield>
  </datafield>
  <datafield tag="856" ind1="4" ind2=" ">
    <subfield code="s">48908</subfield>
    <subfield code="u">http://digitallibrary.un.org/record/188288/files/E_CN.4_1995_4-RU.pdf</subfield>
    <subfield code="y">Русский</subfield>
  </datafield>
  <datafield tag="856" ind1="4" ind2=" ">
    <subfield code="s">21177</subfield>
    <subfield code="u">http://digitallibrary.un.org/record/188288/files/E_CN.4_1995_4-ES.pdf</subfield>
    <subfield code="y">Español</subfield>
  </datafield>
  <datafield tag="930" ind1=" " ind2=" ">
    <subfield code="a">UNDOCT94</subfield>
  </datafield>
  <datafield tag="930" ind1=" " ind2=" ">
    <subfield code="a">HUR</subfield>
    <subfield code="b">002062</subfield>
  </datafield>
  <datafield tag="930" ind1=" " ind2=" ">
    <subfield code="a">CHCJUN94</subfield>
  </datafield>
  <datafield tag="955" ind1=" " ind2=" ">
    <subfield code="a">11487100</subfield>
  </datafield>
  <datafield tag="980" ind1=" " ind2=" ">
    <subfield code="a">BIB</subfield>
  </datafield>
  <datafield tag="981" ind1=" " ind2=" ">
    <subfield code="a">Economic and Social Council</subfield>
  </datafield>
  <datafield tag="981" ind1=" " ind2=" ">
    <subfield code="a">Human Rights Bodies</subfield>
    <subfield code="b">Charter-Based Human Rights Bodies</subfield>
    <subfield code="c">Commission on Human Rights</subfield>
  </datafield>
  <datafield tag="989" ind1=" " ind2=" ">
    <subfield code="a">Documents and Publications</subfield>
    <subfield code="b">Reports</subfield>
  </datafield>
  <datafield tag="998" ind1=" " ind2=" ">
    <subfield code="a">19961227190000</subfield>
    <subfield code="c">20160728064800</subfield>
    <subfield code="d">shkcat</subfield>
  </datafield>
  <datafield tag="999" ind1=" " ind2=" ">
    <subfield code="a">mpu20040921</subfield>
    <subfield code="b">20040921</subfield>
    <subfield code="c">u</subfield>
  </datafield>
</record>