
<record>
  <controlfield tag="000">01922cam\\2200481#a\4500</controlfield>
  <controlfield tag="001">287242</controlfield>
  <controlfield tag="005">20191031172136.0</controlfield>
  <controlfield tag="008">991015c1999\\\\usa\\\\\r\\\\\00010\eng\d</controlfield>
  <datafield tag="029" ind1=" " ind2=" ">
    <subfield code="a">JN</subfield>
    <subfield code="b">N9929547 E</subfield>
  </datafield>
  <datafield tag="035" ind1=" " ind2=" ">
    <subfield code="a">D486153X</subfield>
    <subfield code="z">D0243175</subfield>
  </datafield>
  <datafield tag="035" ind1=" " ind2=" ">
    <subfield code="a">(DHL)486153</subfield>
  </datafield>
  <datafield tag="039" ind1=" " ind2=" ">
    <subfield code="a">DHU</subfield>
  </datafield>
  <datafield tag="040" ind1=" " ind2=" ">
    <subfield code="a">NNUN</subfield>
    <subfield code="b">eng</subfield>
  </datafield>
  <datafield tag="041" ind1=" " ind2=" ">
    <subfield code="a">arachiengfrerusspa</subfield>
  </datafield>
  <datafield tag="049" ind1=" " ind2=" ">
    <subfield code="a">USA</subfield>
  </datafield>
  <datafield tag="089" ind1=" " ind2=" ">
    <subfield code="b">B15</subfield>
  </datafield>
  <datafield tag="089" ind1=" " ind2=" ">
    <subfield code="b">B16</subfield>
  </datafield>
  <datafield tag="091" ind1=" " ind2=" ">
    <subfield code="a">GEN</subfield>
  </datafield>
  <datafield tag="099" ind1=" " ind2=" ">
    <subfield code="a">UNH</subfield>
    <subfield code="b">DHU</subfield>
  </datafield>
  <datafield tag="191" ind1=" " ind2=" ">
    <subfield code="0">1051868</subfield>
    <subfield code="9">X00</subfield>
    <subfield code="a">S/1999/1051</subfield>
    <subfield code="b">S/</subfield>
    <subfield code="c">54</subfield>
    <subfield code="f">2.6182</subfield>
    <subfield code="q">S19991051</subfield>
    <subfield code="r">S54</subfield>
  </datafield>
  <datafield tag="245" ind1="1" ind2="0">
    <subfield code="a">Report of the Secretary-General on the United Nations Mission of Observers in Prevlaka</subfield>
  </datafield>
  <datafield tag="249" ind1=" " ind2=" ">
    <subfield code="a">Report on the UN Mission of Observers in Prevlaka / Secretary-General</subfield>
  </datafield>
  <datafield tag="260" ind1=" " ind2=" ">
    <subfield code="a">[New York] :</subfield>
    <subfield code="b">UN,</subfield>
    <subfield code="c">12 Oct. 1999</subfield>
  </datafield>
  <datafield tag="269" ind1=" " ind2=" ">
    <subfield code="a">1999-10-12</subfield>
  </datafield>
  <datafield tag="300" ind1=" " ind2=" ">
    <subfield code="a">5 p. :</subfield>
    <subfield code="b">table</subfield>
  </datafield>
  <datafield tag="520" ind1="3" ind2=" ">
    <subfield code="a">Covers developments in the area of responsibility of the UN Mission of Observers in Prevlaka (UNMOP). Reports on progress towards a negotiated settlement. Includes observations and recommendations regarding confidence-building measures between the parties to the disputed issue of Prevlaka. A table showing the composition and strength of the military element of UNMOP as at 30 Sept. 1999 is provided in an annex.</subfield>
  </datafield>
  <datafield tag="610" ind1="1" ind2="7">
    <subfield code="0">927459</subfield>
    <subfield code="2">unbisn</subfield>
    <subfield code="a">UN Mission of Observers in Prevlaka</subfield>
  </datafield>
  <datafield tag="650" ind1="1" ind2="7">
    <subfield code="0">1277954</subfield>
    <subfield code="2">unbist</subfield>
    <subfield code="a">PEACEKEEPING OPERATIONS</subfield>
  </datafield>
  <datafield tag="650" ind1="1" ind2="7">
    <subfield code="0">1282819</subfield>
    <subfield code="2">unbist</subfield>
    <subfield code="a">DEMILITARIZED ZONES</subfield>
  </datafield>
  <datafield tag="650" ind1="1" ind2="7">
    <subfield code="0">1277952</subfield>
    <subfield code="2">unbist</subfield>
    <subfield code="a">NEGOTIATION</subfield>
  </datafield>
  <datafield tag="650" ind1="1" ind2="7">
    <subfield code="0">1284099</subfield>
    <subfield code="2">unbist</subfield>
    <subfield code="a">CROATIA SITUATION</subfield>
  </datafield>
  <datafield tag="650" ind1="2" ind2="7">
    <subfield code="0">1284114</subfield>
    <subfield code="2">unbist</subfield>
    <subfield code="a">FORMER YUGOSLAVIA SITUATION</subfield>
  </datafield>
  <datafield tag="650" ind1="2" ind2="7">
    <subfield code="0">1278018</subfield>
    <subfield code="2">unbist</subfield>
    <subfield code="a">MILITARY PERSONNEL</subfield>
  </datafield>
  <datafield tag="651" ind1="1" ind2="7">
    <subfield code="0">1277383</subfield>
    <subfield code="2">unbist</subfield>
    <subfield code="a">PREVLAKA PENINSULA</subfield>
  </datafield>
  <datafield tag="710" ind1="2" ind2=" ">
    <subfield code="0">864434</subfield>
    <subfield code="a">UN. Secretary-General</subfield>
  </datafield>
  <datafield tag="856" ind1="4" ind2=" ">
    <subfield code="s">70364</subfield>
    <subfield code="u">http://digitallibrary.un.org/record/287242/files/S_1999_1051-AR.pdf</subfield>
    <subfield code="y">العربية</subfield>
  </datafield>
  <datafield tag="856" ind1="4" ind2=" ">
    <subfield code="s">148808</subfield>
    <subfield code="u">http://digitallibrary.un.org/record/287242/files/S_1999_1051-ZH.pdf</subfield>
    <subfield code="y">中文</subfield>
  </datafield>
  <datafield tag="856" ind1="4" ind2=" ">
    <subfield code="s">18663</subfield>
    <subfield code="u">http://digitallibrary.un.org/record/287242/files/S_1999_1051-EN.pdf</subfield>
    <subfield code="y">English</subfield>
  </datafield>
  <datafield tag="856" ind1="4" ind2=" ">
    <subfield code="s">20454</subfield>
    <subfield code="u">http://digitallibrary.un.org/record/287242/files/S_1999_1051-FR.pdf</subfield>
    <subfield code="y">Français</subfield>
  </datafield>
  <datafield tag="856" ind1="4" ind2=" ">
    <subfield code="s">47805</subfield>
    <subfield code="u">http://digitallibrary.un.org/record/287242/files/S_1999_1051-RU.pdf</subfield>
    <subfield code="y">Русский</subfield>
  </datafield>
  <datafield tag="856" ind1="4" ind2=" ">
    <subfield code="s">19905</subfield>
    <subfield code="u">http://digitallibrary.un.org/record/287242/files/S_1999_1051-ES.pdf</subfield>
    <subfield code="y">Español</subfield>
  </datafield>
  <datafield tag="930" ind1=" " ind2=" ">
    <subfield code="a">DAA</subfield>
  </datafield>
  <datafield tag="930" ind1=" " ind2=" ">
    <subfield code="a">UNDOC99</subfield>
  </datafield>
  <datafield tag="930" ind1=" " ind2=" ">
    <subfield code="a">UDIQC99</subfield>
    <subfield code="b">2.6182</subfield>
  </datafield>
  <datafield tag="930" ind1=" " ind2=" ">
    <subfield code="a">UPDQ499</subfield>
  </datafield>
  <datafield tag="949" ind1=" " ind2=" ">
    <subfield code="9">S/1999/1051</subfield>
    <subfield code="b">686434.5.1</subfield>
    <subfield code="c">c. 1</subfield>
    <subfield code="d">19991014200000</subfield>
    <subfield code="i">686434</subfield>
    <subfield code="k">unfs</subfield>
    <subfield code="l">DHL</subfield>
    <subfield code="m">14day</subfield>
    <subfield code="z">t</subfield>
  </datafield>
  <datafield tag="949" ind1=" " ind2=" ">
    <subfield code="9">S/1999/1051</subfield>
    <subfield code="b">686436.7.1</subfield>
    <subfield code="c">c. 1</subfield>
    <subfield code="d">19991014200000</subfield>
    <subfield code="i">686436</subfield>
    <subfield code="k">unss</subfield>
    <subfield code="l">DHL</subfield>
    <subfield code="m">14day</subfield>
    <subfield code="z">t</subfield>
  </datafield>
  <datafield tag="949" ind1=" " ind2=" ">
    <subfield code="9">S/1999/1051</subfield>
    <subfield code="b">686435.6.1</subfield>
    <subfield code="c">c. 1</subfield>
    <subfield code="d">19991014200000</subfield>
    <subfield code="i">686435</subfield>
    <subfield code="k">unrs</subfield>
    <subfield code="l">DHL</subfield>
    <subfield code="m">14day</subfield>
    <subfield code="z">t</subfield>
  </datafield>
  <datafield tag="949" ind1=" " ind2=" ">
    <subfield code="9">S/1999/1051</subfield>
    <subfield code="b">686430.1.1</subfield>
    <subfield code="c">c. 1</subfield>
    <subfield code="d">19991014200000</subfield>
    <subfield code="i">686430</subfield>
    <subfield code="k">unes</subfield>
    <subfield code="l">DHL</subfield>
    <subfield code="m">14day</subfield>
    <subfield code="z">t</subfield>
  </datafield>
  <datafield tag="949" ind1=" " ind2=" ">
    <subfield code="9">S/1999/1051</subfield>
    <subfield code="b">686432.3.1</subfield>
    <subfield code="c">c. 1</subfield>
    <subfield code="d">19991014200000</subfield>
    <subfield code="i">686432</subfield>
    <subfield code="k">unas</subfield>
    <subfield code="l">DHL</subfield>
    <subfield code="m">14day</subfield>
    <subfield code="z">t</subfield>
  </datafield>
  <datafield tag="949" ind1=" " ind2=" ">
    <subfield code="9">S/1999/1051</subfield>
    <subfield code="b">686431.2.1</subfield>
    <subfield code="c">c. 2</subfield>
    <subfield code="d">19991014200000</subfield>
    <subfield code="i">686431</subfield>
    <subfield code="k">unes</subfield>
    <subfield code="l">DHL</subfield>
    <subfield code="m">14day</subfield>
    <subfield code="z">t</subfield>
  </datafield>
  <datafield tag="949" ind1=" " ind2=" ">
    <subfield code="9">S/1999/1051</subfield>
    <subfield code="b">686433.4.1</subfield>
    <subfield code="c">c. 1</subfield>
    <subfield code="d">19991014200000</subfield>
    <subfield code="i">686433</subfield>
    <subfield code="k">uncs</subfield>
    <subfield code="l">DHL</subfield>
    <subfield code="m">14day</subfield>
    <subfield code="z">t</subfield>
  </datafield>
  <datafield tag="980" ind1=" " ind2=" ">
    <subfield code="a">BIB</subfield>
  </datafield>
  <datafield tag="981" ind1=" " ind2=" ">
    <subfield code="a">Security Council</subfield>
  </datafield>
  <datafield tag="989" ind1=" " ind2=" ">
    <subfield code="a">Documents and Publications</subfield>
    <subfield code="b">Reports</subfield>
    <subfield code="c">Secretary-General's Reports</subfield>
  </datafield>
  <datafield tag="991" ind1="3" ind2=" ">
    <subfield code="a">S/54</subfield>
    <subfield code="b">[68]</subfield>
    <subfield code="d">UN MISSION OF OBSERVERS IN PREVLAKA</subfield>
    <subfield code="z">I0138898</subfield>
    <subfield code="0">(DHLAUTH)527133</subfield>
  </datafield>
  <datafield tag="991" ind1="3" ind2=" ">
    <subfield code="a">S/54</subfield>
    <subfield code="b">[60]</subfield>
    <subfield code="d">FORMER YUGOSLAVIA SITUATION</subfield>
    <subfield code="z">I0138898</subfield>
    <subfield code="0">(DHLAUTH)527125</subfield>
  </datafield>
  <datafield tag="991" ind1="3" ind2=" ">
    <subfield code="a">S/54</subfield>
    <subfield code="b">[65]</subfield>
    <subfield code="d">CROATIA SITUATION</subfield>
    <subfield code="z">I0138898</subfield>
    <subfield code="0">(DHLAUTH)527130</subfield>
  </datafield>
  <datafield tag="998" ind1=" " ind2=" ">
    <subfield code="a">19991014200000</subfield>
    <subfield code="b">yccs</subfield>
    <subfield code="c">20160728064800</subfield>
    <subfield code="d">shkcat</subfield>
  </datafield>
  <datafield tag="999" ind1=" " ind2=" ">
    <subfield code="a">pg</subfield>
    <subfield code="b">19991015</subfield>
    <subfield code="c">r</subfield>
  </datafield>
  <datafield tag="999" ind1=" " ind2=" ">
    <subfield code="a">jm</subfield>
    <subfield code="b">19991015</subfield>
    <subfield code="c">a</subfield>
  </datafield>
  <datafield tag="999" ind1=" " ind2=" ">
    <subfield code="a">jm</subfield>
    <subfield code="b">19991015</subfield>
    <subfield code="c">c</subfield>
  </datafield>
  <datafield tag="999" ind1=" " ind2=" ">
    <subfield code="a">jm</subfield>
    <subfield code="b">19991015</subfield>
    <subfield code="c">p</subfield>
  </datafield>
  <datafield tag="999" ind1=" " ind2=" ">
    <subfield code="a">yc</subfield>
    <subfield code="b">19991015</subfield>
    <subfield code="c">q</subfield>
  </datafield>
  <datafield tag="999" ind1=" " ind2=" ">
    <subfield code="a">TA</subfield>
    <subfield code="b">19991018</subfield>
    <subfield code="c">r</subfield>
  </datafield>
</record>