
<record>
  <controlfield tag="000">00433nam a2200205#a 4500</controlfield>
  <controlfield tag="001">534134</controlfield>
  <controlfield tag="005">20220607163143.0</controlfield>
  <controlfield tag="008">041029c2004    usa    #r     00010 eng d</controlfield>
  <datafield tag="029" ind1=" " ind2=" ">
    <subfield code="a">JN</subfield>
    <subfield code="b">N0456797 E</subfield>
  </datafield>
  <datafield tag="035" ind1=" " ind2=" ">
    <subfield code="a">D757369X</subfield>
    <subfield code="z">D0312255</subfield>
  </datafield>
  <datafield tag="035" ind1=" " ind2=" ">
    <subfield code="a">(DHL)757369</subfield>
  </datafield>
  <datafield tag="039" ind1=" " ind2=" ">
    <subfield code="a">DHU</subfield>
  </datafield>
  <datafield tag="040" ind1=" " ind2=" ">
    <subfield code="a">NNUN</subfield>
    <subfield code="b">eng</subfield>
  </datafield>
  <datafield tag="041" ind1="0" ind2=" ">
    <subfield code="a">arachiengfrerusspa</subfield>
  </datafield>
  <datafield tag="049" ind1=" " ind2=" ">
    <subfield code="a">USA</subfield>
  </datafield>
  <datafield tag="089" ind1=" " ind2=" ">
    <subfield code="b">B01</subfield>
  </datafield>
  <datafield tag="091" ind1=" " ind2=" ">
    <subfield code="a">GEN</subfield>
  </datafield>
  <datafield tag="099" ind1=" " ind2=" ">
    <subfield code="a">UNH</subfield>
    <subfield code="b">DHU</subfield>
  </datafield>
  <datafield tag="191" ind1=" " ind2=" ">
    <subfield code="a">S/RES/1568(2004)</subfield>
    <subfield code="b">S/</subfield>
    <subfield code="c">59</subfield>
    <subfield code="9">X99</subfield>
    <subfield code="f">3.2942</subfield>
    <subfield code="q">SRES15682004</subfield>
    <subfield code="q">SRES1568</subfield>
    <subfield code="r">S59</subfield>
    <subfield code="0">(DHLAUTH)653729</subfield>
  </datafield>
  <datafield tag="239" ind1="1" ind2="0">
    <subfield code="a">Security Council resolution 1568 (2004) [on extension of the mandate of the UN Peacekeeping Force in Cyprus (UNFICYP)]</subfield>
  </datafield>
  <datafield tag="245" ind1="0" ind2="0">
    <subfield code="a">Resolution 1568 (2004) /</subfield>
    <subfield code="c">adopted by the Security Council at its 5061st meeting, on 22 October 2004</subfield>
  </datafield>
  <datafield tag="260" ind1=" " ind2=" ">
    <subfield code="a">[New York] :</subfield>
    <subfield code="b">UN,</subfield>
    <subfield code="c">22 Oct. 2004</subfield>
  </datafield>
  <datafield tag="269" ind1=" " ind2=" ">
    <subfield code="a">2004-10-22</subfield>
  </datafield>
  <datafield tag="300" ind1=" " ind2=" ">
    <subfield code="a">2 p.</subfield>
  </datafield>
  <datafield tag="500" ind1=" " ind2=" ">
    <subfield code="a">Issued in: Resolutions and decisions of the Security Council, 1 August 2004-31 July 2005 - S/INF/60 - (SCOR, 59th year).</subfield>
  </datafield>
  <datafield tag="610" ind1="2" ind2="7">
    <subfield code="2">unbisn</subfield>
    <subfield code="a">UN Peacekeeping Force in Cyprus</subfield>
    <subfield code="0">(DHLAUTH)29236</subfield>
  </datafield>
  <datafield tag="610" ind1="2" ind2="4">
    <subfield code="a">UN PEACEKEEPING FORCE IN CYPRUS</subfield>
    <subfield code="g">TERMS OF REFERENCE.</subfield>
    <subfield code="2">unbisn</subfield>
    <subfield code="0">(DHLAUTH)481306</subfield>
  </datafield>
  <datafield tag="650" ind1="1" ind2="7">
    <subfield code="2">unbist</subfield>
    <subfield code="a">PEACEKEEPING OPERATIONS</subfield>
    <subfield code="0">(DHLAUTH)474428</subfield>
  </datafield>
  <datafield tag="650" ind1="1" ind2="7">
    <subfield code="2">unbist</subfield>
    <subfield code="a">CYPRUS</subfield>
    <subfield code="0">(DHLAUTH)269042</subfield>
  </datafield>
  <datafield tag="650" ind1="1" ind2="7">
    <subfield code="2">unbist</subfield>
    <subfield code="a">MILITARY PERSONNEL</subfield>
    <subfield code="0">(DHLAUTH)268838</subfield>
  </datafield>
  <datafield tag="650" ind1="1" ind2="7">
    <subfield code="2">unbist</subfield>
    <subfield code="a">TÜRKİYE</subfield>
    <subfield code="0">(DHLAUTH)273509</subfield>
  </datafield>
  <datafield tag="650" ind1="1" ind2="7">
    <subfield code="2">unbist</subfield>
    <subfield code="a">CYPRUS QUESTION</subfield>
    <subfield code="0">(DHLAUTH)269039</subfield>
  </datafield>
  <datafield tag="650" ind1="1" ind2="7">
    <subfield code="2">unbist</subfield>
    <subfield code="a">TURKISH CYPRIOT COMMUNITY</subfield>
    <subfield code="0">(DHLAUTH)269040</subfield>
  </datafield>
  <datafield tag="650" ind1="2" ind2="7">
    <subfield code="2">unbist</subfield>
    <subfield code="a">REPORT PREPARATION</subfield>
    <subfield code="0">(DHLAUTH)275139</subfield>
  </datafield>
  <datafield tag="710" ind1="2" ind2=" ">
    <subfield code="a">UN. Security Council (59th year : 2004)</subfield>
    <subfield code="0">(DHLAUTH)654397</subfield>
  </datafield>
  <datafield tag="856" ind1="4" ind2=" ">
    <subfield code="y">العربية</subfield>
    <subfield code="9">58be3b15-890a-4e59-852e-6b9b52a54d1d</subfield>
    <subfield code="s">77555</subfield>
    <subfield code="u">https://digitallibrary.un.org/record/534134/files/S_RES_1568%282004%29-AR.pdf</subfield>
  </datafield>
  <datafield tag="856" ind1="4" ind2=" ">
    <subfield code="y">中文</subfield>
    <subfield code="9">1b236f84-735c-425a-81f6-b88d02190046</subfield>
    <subfield code="s">245679</subfield>
    <subfield code="u">https://digitallibrary.un.org/record/534134/files/S_RES_1568%282004%29-ZH.pdf</subfield>
  </datafield>
  <datafield tag="856" ind1="4" ind2=" ">
    <subfield code="y">English</subfield>
    <subfield code="9">22fb0808-95c5-47a1-8fcf-5f89c7955aa3</subfield>
    <subfield code="s">25263</subfield>
    <subfield code="u">https://digitallibrary.un.org/record/534134/files/S_RES_1568%282004%29-EN.pdf</subfield>
  </datafield>
  <datafield tag="856" ind1="4" ind2=" ">
    <subfield code="y">Français</subfield>
    <subfield code="9">d803350c-d267-415a-aefa-b12098e7b4fd</subfield>
    <subfield code="s">26868</subfield>
    <subfield code="u">https://digitallibrary.un.org/record/534134/files/S_RES_1568%282004%29-FR.pdf</subfield>
  </datafield>
  <datafield tag="856" ind1="4" ind2=" ">
    <subfield code="y">Русский</subfield>
    <subfield code="9">af8575e9-d6c9-4e3e-aad5-a6c46ff573d3</subfield>
    <subfield code="s">133150</subfield>
    <subfield code="u">https://digitallibrary.un.org/record/534134/files/S_RES_1568%282004%29-RU.pdf</subfield>
  </datafield>
  <datafield tag="856" ind1="4" ind2=" ">
    <subfield code="y">Español</subfield>
    <subfield code="9">049d33d3-638f-4589-838f-2539e965680d</subfield>
    <subfield code="s">27273</subfield>
    <subfield code="u">https://digitallibrary.un.org/record/534134/files/S_RES_1568%282004%29-ES.pdf</subfield>
  </datafield>
  <datafield tag="856" ind1="4" ind2=" ">
    <subfield code="y">Other</subfield>
    <subfield code="9">4e1087d3-27d3-4f9b-8d00-acfcae72689f</subfield>
    <subfield code="s">18623</subfield>
    <subfield code="u">https://digitallibrary.un.org/record/534134/files/S_RES_1568%282004%29-DE.pdf</subfield>
  </datafield>
  <datafield tag="930" ind1=" " ind2=" ">
    <subfield code="a">UNDOC04</subfield>
  </datafield>
  <datafield tag="930" ind1=" " ind2=" ">
    <subfield code="a">SCS</subfield>
  </datafield>
  <datafield tag="930" ind1=" " ind2=" ">
    <subfield code="a">UDIQ304</subfield>
    <subfield code="b">3.2942</subfield>
  </datafield>
  <datafield tag="949" ind1=" " ind2=" ">
    <subfield code="9">S/RES/1569(2004)</subfield>
    <subfield code="b">7573691</subfield>
    <subfield code="i">1254537</subfield>
    <subfield code="k">unes</subfield>
    <subfield code="c">c. 1</subfield>
    <subfield code="l">DHL</subfield>
    <subfield code="z">t</subfield>
    <subfield code="m">14day</subfield>
    <subfield code="d">20041029000000</subfield>
  </datafield>
  <datafield tag="980" ind1=" " ind2=" ">
    <subfield code="a">BIB</subfield>
  </datafield>
  <datafield tag="981" ind1=" " ind2=" ">
    <subfield code="a">Security Council</subfield>
  </datafield>
  <datafield tag="989" ind1=" " ind2=" ">
    <subfield code="a">Documents and Publications</subfield>
    <subfield code="b">Resolutions and Decisions</subfield>
    <subfield code="c">Resolutions</subfield>
  </datafield>
  <datafield tag="991" ind1="3" ind2=" ">
    <subfield code="a">S/59</subfield>
    <subfield code="b">[42]</subfield>
    <subfield code="d">CYPRUS QUESTION</subfield>
    <subfield code="z">I0184192</subfield>
    <subfield code="0">(DHLAUTH)653516</subfield>
  </datafield>
  <datafield tag="991" ind1="3" ind2=" ">
    <subfield code="a">S/59</subfield>
    <subfield code="b">[43]</subfield>
    <subfield code="d">UN PEACEKEEPING FORCE IN CYPRUS</subfield>
    <subfield code="z">I0184192</subfield>
    <subfield code="0">(DHLAUTH)653517</subfield>
  </datafield>
  <datafield tag="992" ind1=" " ind2=" ">
    <subfield code="a">2004-10-22</subfield>
  </datafield>
  <datafield tag="993" ind1="2" ind2=" ">
    <subfield code="a">S/2004/829</subfield>
  </datafield>
  <datafield tag="993" ind1="4" ind2=" ">
    <subfield code="a">S/PV.5061</subfield>
  </datafield>
  <datafield tag="995" ind1=" " ind2=" ">
    <subfield code="a">Endorses the Secretary-General's recommendations for the amendment of the concept of operations and force level of UNFICYP, as outlined in his report of 24 Sept. 2004; decides to extend the mandate of UNFICYP for a further period ending 15 June 2005; urges the Turkish Cypriote side and Turkish forces to rescind without delay all remaining restrictions on UNFICYP, and calls on them to restore in Strovilia the military status quo which existed there prior to 30 June 2000.</subfield>
  </datafield>
  <datafield tag="996" ind1=" " ind2=" ">
    <subfield code="a">Adopted unanimously, 5061st meeting</subfield>
  </datafield>
  <datafield tag="998" ind1=" " ind2=" ">
    <subfield code="a">20041029114500</subfield>
    <subfield code="b">nmcs</subfield>
    <subfield code="c">20220607115500</subfield>
    <subfield code="d">sh35cat</subfield>
    <subfield code="x">0x00010000c672358e</subfield>
    <subfield code="z">20220607160107</subfield>
  </datafield>
  <datafield tag="999" ind1=" " ind2=" ">
    <subfield code="a">rtu20050202</subfield>
    <subfield code="b">20050202</subfield>
    <subfield code="c">u</subfield>
  </datafield>
  <datafield tag="999" ind1=" " ind2=" ">
    <subfield code="a">pgt20041103</subfield>
    <subfield code="b">20041103</subfield>
    <subfield code="c">t</subfield>
  </datafield>
  <datafield tag="999" ind1=" " ind2=" ">
    <subfield code="a">kku20041101</subfield>
    <subfield code="b">20041101</subfield>
    <subfield code="c">u</subfield>
  </datafield>
  <datafield tag="999" ind1=" " ind2=" ">
    <subfield code="a">mvc20041029</subfield>
    <subfield code="b">20041029</subfield>
    <subfield code="c">c</subfield>
  </datafield>
  <datafield tag="999" ind1=" " ind2=" ">
    <subfield code="a">nmq20041029</subfield>
    <subfield code="b">20041029</subfield>
    <subfield code="c">q</subfield>
  </datafield>
  <datafield tag="999" ind1=" " ind2=" ">
    <subfield code="a">TAr20041029</subfield>
    <subfield code="b">20041029</subfield>
    <subfield code="c">r</subfield>
  </datafield>
  <datafield tag="999" ind1=" " ind2=" ">
    <subfield code="a">mhu20080226</subfield>
    <subfield code="b">20080226</subfield>
    <subfield code="c">u</subfield>
  </datafield>
  <datafield tag="999" ind1=" " ind2=" ">
    <subfield code="a">vwu20100318</subfield>
    <subfield code="b">20100318</subfield>
    <subfield code="c">u</subfield>
  </datafield>
</record>