
<record>
  <controlfield tag="000">03704cam a2201165#  4500</controlfield>
  <controlfield tag="001">197289</controlfield>
  <controlfield tag="005">20210315153948.0</controlfield>
  <controlfield tag="008">930720s1993    usa     r           eng u</controlfield>
  <datafield tag="029" ind1=" " ind2=" ">
    <subfield code="a">JN</subfield>
    <subfield code="b">N9338447 E</subfield>
  </datafield>
  <datafield tag="035" ind1=" " ind2=" ">
    <subfield code="z">D0146139</subfield>
    <subfield code="z">I0098293</subfield>
  </datafield>
  <datafield tag="035" ind1=" " ind2=" ">
    <subfield code="a">(DHL)372816</subfield>
  </datafield>
  <datafield tag="039" ind1=" " ind2=" ">
    <subfield code="a">DHU</subfield>
  </datafield>
  <datafield tag="040" ind1=" " ind2=" ">
    <subfield code="a">NNUN</subfield>
    <subfield code="b">eng</subfield>
  </datafield>
  <datafield tag="041" ind1=" " ind2=" ">
    <subfield code="a">arachiengfrerusspa</subfield>
  </datafield>
  <datafield tag="049" ind1=" " ind2=" ">
    <subfield code="a">usa</subfield>
  </datafield>
  <datafield tag="089" ind1=" " ind2=" ">
    <subfield code="a">Miscellaneous (UN)</subfield>
    <subfield code="b">B19</subfield>
  </datafield>
  <datafield tag="091" ind1=" " ind2=" ">
    <subfield code="a">GEN</subfield>
  </datafield>
  <datafield tag="099" ind1=" " ind2=" ">
    <subfield code="a">UNH</subfield>
    <subfield code="b">DHU</subfield>
  </datafield>
  <datafield tag="191" ind1=" " ind2=" ">
    <subfield code="a">S/25070/Add.23</subfield>
    <subfield code="b">S/</subfield>
    <subfield code="c">48</subfield>
    <subfield code="d">S/</subfield>
    <subfield code="e">25070/Add.23</subfield>
    <subfield code="f">008724</subfield>
    <subfield code="q">S25070ADD23</subfield>
    <subfield code="r">S48</subfield>
    <subfield code="0">(DHLAUTH)13426</subfield>
  </datafield>
  <datafield tag="245" ind1="1" ind2="0">
    <subfield code="a">Summary statement on matters of which the Security Council is seized and on the stage reached in their consideration /</subfield>
    <subfield code="c">by the Secretary-General.</subfield>
  </datafield>
  <datafield tag="260" ind1=" " ind2=" ">
    <subfield code="a">[New York] :</subfield>
    <subfield code="b">UN,</subfield>
    <subfield code="c">2 July 1993.</subfield>
  </datafield>
  <datafield tag="269" ind1=" " ind2=" ">
    <subfield code="a">1993-07-02</subfield>
  </datafield>
  <datafield tag="300" ind1=" " ind2=" ">
    <subfield code="a">11 p.</subfield>
  </datafield>
  <datafield tag="500" ind1=" " ind2=" ">
    <subfield code="a">Includes Security Council resolutions 837 (1993), 838 (1993) and 839 (1993).</subfield>
  </datafield>
  <datafield tag="610" ind1="2" ind2="7">
    <subfield code="a">UN. Security Council (48th year : 1993)</subfield>
    <subfield code="2">unbisn</subfield>
    <subfield code="0">(DHLAUTH)192590</subfield>
  </datafield>
  <datafield tag="610" ind1="2" ind2="7">
    <subfield code="a">UN Operation in Somalia II</subfield>
    <subfield code="0">(DHLAUTH)212400</subfield>
  </datafield>
  <datafield tag="610" ind1="2" ind2="7">
    <subfield code="a">UN Transitional Authority in Cambodia</subfield>
    <subfield code="0">(DHLAUTH)166715</subfield>
  </datafield>
  <datafield tag="610" ind1="2" ind2="7">
    <subfield code="a">UN Protection Force</subfield>
    <subfield code="0">(DHLAUTH)196286</subfield>
  </datafield>
  <datafield tag="610" ind1="2" ind2="7">
    <subfield code="a">International Conference on the Former Yugoslavia. Steering Committee. Co-Chairs</subfield>
    <subfield code="0">(DHLAUTH)208544</subfield>
  </datafield>
  <datafield tag="610" ind1="2" ind2="7">
    <subfield code="a">União Nacional para a Independência Total de Angola</subfield>
    <subfield code="0">(DHLAUTH)87204</subfield>
  </datafield>
  <datafield tag="610" ind1="2" ind2="7">
    <subfield code="a">Economic Community of West African States</subfield>
    <subfield code="0">(DHLAUTH)19189</subfield>
  </datafield>
  <datafield tag="610" ind1="2" ind2="7">
    <subfield code="a">UN Peacekeeping Force in Cyprus</subfield>
    <subfield code="0">(DHLAUTH)29236</subfield>
  </datafield>
  <datafield tag="610" ind1="2" ind2="7">
    <subfield code="a">UN. Mission of Good Offices of the Secretary-General in Cyprus</subfield>
    <subfield code="0">(DHLAUTH)184772</subfield>
  </datafield>
  <datafield tag="610" ind1="2" ind2="7">
    <subfield code="a">UN Observer Mission in El Salvador</subfield>
    <subfield code="0">(DHLAUTH)173766</subfield>
  </datafield>
  <datafield tag="610" ind1="2" ind2="7">
    <subfield code="a">Frente Farabundo Martí para la Liberación Nacional-Frente Democrático Revolucionario (El Salvador)</subfield>
    <subfield code="0">(DHLAUTH)88622</subfield>
  </datafield>
  <datafield tag="630" ind1="0" ind2="7">
    <subfield code="a">Yamoussoukro Accord (1991)</subfield>
    <subfield code="0">(DHLAUTH)198945</subfield>
  </datafield>
  <datafield tag="630" ind1="0" ind2="7">
    <subfield code="a">Acuerdo de Paz (El Salvador) (1992)</subfield>
    <subfield code="0">(DHLAUTH)195536</subfield>
  </datafield>
  <datafield tag="630" ind1="0" ind2="7">
    <subfield code="a">Acordos de Paz para Angola (1991)</subfield>
    <subfield code="0">(DHLAUTH)185343</subfield>
  </datafield>
  <datafield tag="650" ind1="0" ind2="7">
    <subfield code="a">ARMED INCIDENTS</subfield>
    <subfield code="0">(DHLAUTH)268830</subfield>
  </datafield>
  <datafield tag="650" ind1="0" ind2="7">
    <subfield code="a">PEACEKEEPING OPERATIONS</subfield>
    <subfield code="0">(DHLAUTH)474428</subfield>
  </datafield>
  <datafield tag="650" ind1="0" ind2="7">
    <subfield code="a">POLITICAL VIOLENCE</subfield>
    <subfield code="0">(DHLAUTH)268231</subfield>
  </datafield>
  <datafield tag="650" ind1="0" ind2="7">
    <subfield code="a">RADIO BROADCASTING</subfield>
    <subfield code="0">(DHLAUTH)272749</subfield>
  </datafield>
  <datafield tag="650" ind1="0" ind2="7">
    <subfield code="a">CEASEFIRES</subfield>
    <subfield code="0">(DHLAUTH)268709</subfield>
  </datafield>
  <datafield tag="650" ind1="0" ind2="7">
    <subfield code="a">NEGOTIATION</subfield>
    <subfield code="0">(DHLAUTH)268593</subfield>
  </datafield>
  <datafield tag="650" ind1="0" ind2="7">
    <subfield code="a">CRIMINAL INVESTIGATION</subfield>
    <subfield code="0">(DHLAUTH)274486</subfield>
  </datafield>
  <datafield tag="650" ind1="0" ind2="7">
    <subfield code="a">TRIALS</subfield>
    <subfield code="0">(DHLAUTH)268510</subfield>
  </datafield>
  <datafield tag="650" ind1="0" ind2="7">
    <subfield code="a">SOMALIA</subfield>
    <subfield code="0">(DHLAUTH)273476</subfield>
  </datafield>
  <datafield tag="650" ind1="0" ind2="7">
    <subfield code="a">MILITARY PERSONNEL</subfield>
    <subfield code="0">(DHLAUTH)268838</subfield>
  </datafield>
  <datafield tag="650" ind1="0" ind2="7">
    <subfield code="a">PAKISTAN</subfield>
    <subfield code="0">(DHLAUTH)269053</subfield>
  </datafield>
  <datafield tag="650" ind1="0" ind2="7">
    <subfield code="a">ARMED INCIDENTS</subfield>
    <subfield code="0">(DHLAUTH)268830</subfield>
  </datafield>
  <datafield tag="650" ind1="0" ind2="7">
    <subfield code="a">PEACEKEEPING OPERATIONS</subfield>
    <subfield code="0">(DHLAUTH)474428</subfield>
  </datafield>
  <datafield tag="650" ind1="0" ind2="7">
    <subfield code="a">CAMBODIA</subfield>
    <subfield code="0">(DHLAUTH)269057</subfield>
  </datafield>
  <datafield tag="650" ind1="0" ind2="7">
    <subfield code="a">PEACEKEEPING OPERATIONS</subfield>
    <subfield code="0">(DHLAUTH)474428</subfield>
  </datafield>
  <datafield tag="650" ind1="0" ind2="7">
    <subfield code="a">SERBS</subfield>
    <subfield code="0">(DHLAUTH)273222</subfield>
  </datafield>
  <datafield tag="650" ind1="0" ind2="7">
    <subfield code="a">NEGOTIATION</subfield>
    <subfield code="0">(DHLAUTH)268593</subfield>
  </datafield>
  <datafield tag="650" ind1="0" ind2="7">
    <subfield code="a">CROATIA</subfield>
    <subfield code="0">(DHLAUTH)273223</subfield>
  </datafield>
  <datafield tag="650" ind1="0" ind2="7">
    <subfield code="a">ARMED INCIDENTS</subfield>
    <subfield code="0">(DHLAUTH)268830</subfield>
  </datafield>
  <datafield tag="650" ind1="0" ind2="7">
    <subfield code="a">CIVILIAN PERSONS</subfield>
    <subfield code="0">(DHLAUTH)274447</subfield>
  </datafield>
  <datafield tag="650" ind1="0" ind2="7">
    <subfield code="a">CEASEFIRES</subfield>
    <subfield code="0">(DHLAUTH)268709</subfield>
  </datafield>
  <datafield tag="650" ind1="0" ind2="7">
    <subfield code="a">ANGOLA</subfield>
    <subfield code="0">(DHLAUTH)269038</subfield>
  </datafield>
  <datafield tag="650" ind1="0" ind2="7">
    <subfield code="a">ARMED INCIDENTS</subfield>
    <subfield code="0">(DHLAUTH)268830</subfield>
  </datafield>
  <datafield tag="650" ind1="0" ind2="7">
    <subfield code="a">CIVILIAN PERSONS</subfield>
    <subfield code="0">(DHLAUTH)274447</subfield>
  </datafield>
  <datafield tag="650" ind1="0" ind2="7">
    <subfield code="a">DISPLACED PERSONS</subfield>
    <subfield code="0">(DHLAUTH)273028</subfield>
  </datafield>
  <datafield tag="650" ind1="0" ind2="7">
    <subfield code="a">WOMEN</subfield>
    <subfield code="0">(DHLAUTH)273032</subfield>
  </datafield>
  <datafield tag="650" ind1="0" ind2="7">
    <subfield code="a">CHILDREN</subfield>
    <subfield code="0">(DHLAUTH)269400</subfield>
  </datafield>
  <datafield tag="650" ind1="0" ind2="7">
    <subfield code="a">CRIMINAL INVESTIGATION</subfield>
    <subfield code="0">(DHLAUTH)274486</subfield>
  </datafield>
  <datafield tag="650" ind1="0" ind2="7">
    <subfield code="a">PROSECUTION</subfield>
    <subfield code="0">(DHLAUTH)269261</subfield>
  </datafield>
  <datafield tag="650" ind1="0" ind2="7">
    <subfield code="a">LIBERIA</subfield>
    <subfield code="0">(DHLAUTH)273393</subfield>
  </datafield>
  <datafield tag="650" ind1="0" ind2="7">
    <subfield code="a">SPECIAL MISSIONS</subfield>
    <subfield code="0">(DHLAUTH)268296</subfield>
  </datafield>
  <datafield tag="650" ind1="0" ind2="7">
    <subfield code="a">BOUNDARIES</subfield>
    <subfield code="0">(DHLAUTH)269447</subfield>
  </datafield>
  <datafield tag="650" ind1="0" ind2="7">
    <subfield code="a">BOSNIA AND HERZEGOVINA</subfield>
    <subfield code="0">(DHLAUTH)275598</subfield>
  </datafield>
  <datafield tag="650" ind1="0" ind2="7">
    <subfield code="a">BOUNDARIES</subfield>
    <subfield code="0">(DHLAUTH)269447</subfield>
  </datafield>
  <datafield tag="650" ind1="0" ind2="7">
    <subfield code="a">YUGOSLAVIA</subfield>
    <subfield code="0">(DHLAUTH)273224</subfield>
  </datafield>
  <datafield tag="650" ind1="0" ind2="7">
    <subfield code="a">PEACEKEEPING OPERATIONS</subfield>
    <subfield code="0">(DHLAUTH)474428</subfield>
  </datafield>
  <datafield tag="650" ind1="0" ind2="7">
    <subfield code="a">CEASEFIRES</subfield>
    <subfield code="0">(DHLAUTH)268709</subfield>
  </datafield>
  <datafield tag="650" ind1="0" ind2="7">
    <subfield code="a">NEGOTIATION</subfield>
    <subfield code="0">(DHLAUTH)268593</subfield>
  </datafield>
  <datafield tag="650" ind1="0" ind2="7">
    <subfield code="a">CYPRUS</subfield>
    <subfield code="0">(DHLAUTH)269042</subfield>
  </datafield>
  <datafield tag="650" ind1="0" ind2="7">
    <subfield code="a">ARMAMENTS</subfield>
    <subfield code="0">(DHLAUTH)268816</subfield>
  </datafield>
  <datafield tag="650" ind1="0" ind2="7">
    <subfield code="a">NICARAGUA</subfield>
    <subfield code="0">(DHLAUTH)269076</subfield>
  </datafield>
  <datafield tag="650" ind1="0" ind2="7">
    <subfield code="a">CEASEFIRES</subfield>
    <subfield code="0">(DHLAUTH)268709</subfield>
  </datafield>
  <datafield tag="650" ind1="0" ind2="7">
    <subfield code="a">EL SALVADOR</subfield>
    <subfield code="0">(DHLAUTH)273460</subfield>
  </datafield>
  <datafield tag="650" ind1="0" ind2="7">
    <subfield code="a">BOSNIA AND HERZEGOVINA SITUATION</subfield>
    <subfield code="0">(DHLAUTH)276491</subfield>
  </datafield>
  <datafield tag="650" ind1="0" ind2="7">
    <subfield code="a">CYPRUS QUESTION</subfield>
    <subfield code="0">(DHLAUTH)269039</subfield>
  </datafield>
  <datafield tag="650" ind1="0" ind2="7">
    <subfield code="a">EL SALVADOR SITUATION</subfield>
    <subfield code="0">(DHLAUTH)275537</subfield>
  </datafield>
  <datafield tag="650" ind1="0" ind2="7">
    <subfield code="a">SOMALIA SITUATION</subfield>
    <subfield code="0">(DHLAUTH)275504</subfield>
  </datafield>
  <datafield tag="650" ind1="0" ind2="7">
    <subfield code="a">CAMBODIA SITUATION</subfield>
    <subfield code="0">(DHLAUTH)269055</subfield>
  </datafield>
  <datafield tag="650" ind1="0" ind2="7">
    <subfield code="a">ANGOLA SITUATION</subfield>
    <subfield code="0">(DHLAUTH)269036</subfield>
  </datafield>
  <datafield tag="650" ind1="0" ind2="7">
    <subfield code="a">LIBERIA SITUATION</subfield>
    <subfield code="0">(DHLAUTH)275498</subfield>
  </datafield>
  <datafield tag="650" ind1="0" ind2="7">
    <subfield code="a">MILITARY PERSONNEL</subfield>
    <subfield code="0">(DHLAUTH)268838</subfield>
  </datafield>
  <datafield tag="650" ind1="0" ind2="7">
    <subfield code="a">STAFF SECURITY</subfield>
    <subfield code="0">(DHLAUTH)268648</subfield>
  </datafield>
  <datafield tag="650" ind1="0" ind2="7">
    <subfield code="a">HUMAN RIGHTS IN ARMED CONFLICTS</subfield>
    <subfield code="0">(DHLAUTH)268831</subfield>
  </datafield>
  <datafield tag="650" ind1="0" ind2="7">
    <subfield code="a">COOPERATION BETWEEN ORGANIZATIONS</subfield>
    <subfield code="0">(DHLAUTH)268652</subfield>
  </datafield>
  <datafield tag="650" ind1="0" ind2="7">
    <subfield code="a">GOOD OFFICES</subfield>
    <subfield code="0">(DHLAUTH)268760</subfield>
  </datafield>
  <datafield tag="650" ind1="0" ind2="7">
    <subfield code="a">FORMER YUGOSLAVIA SITUATION</subfield>
    <subfield code="0">(DHLAUTH)275601</subfield>
  </datafield>
  <datafield tag="650" ind1="0" ind2="7">
    <subfield code="a">PROSECUTION</subfield>
    <subfield code="0">(DHLAUTH)269261</subfield>
  </datafield>
  <datafield tag="650" ind1="0" ind2="7">
    <subfield code="a">PUNISHMENT</subfield>
    <subfield code="0">(DHLAUTH)269252</subfield>
  </datafield>
  <datafield tag="650" ind1="0" ind2="7">
    <subfield code="a">UNITED NATIONS PROTECTED AREAS</subfield>
    <subfield code="0">(DHLAUTH)481321</subfield>
  </datafield>
  <datafield tag="710" ind1="2" ind2="0">
    <subfield code="a">UN. Secretary-General</subfield>
    <subfield code="0">(DHLAUTH)10663</subfield>
  </datafield>
  <datafield tag="856" ind1="4" ind2=" ">
    <subfield code="y">العربية</subfield>
    <subfield code="9">533fde68-534b-4101-b948-a033fe307b65</subfield>
    <subfield code="s">403065</subfield>
    <subfield code="u">https://digitallibrary.un.org/record/197289/files/S_25070_Add.23-AR.pdf</subfield>
  </datafield>
  <datafield tag="856" ind1="4" ind2=" ">
    <subfield code="y">English</subfield>
    <subfield code="9">a5d4a091-1ac4-49da-8503-79609637c318</subfield>
    <subfield code="s">565202</subfield>
    <subfield code="u">https://digitallibrary.un.org/record/197289/files/S_25070_Add.23-EN.pdf</subfield>
  </datafield>
  <datafield tag="856" ind1="4" ind2=" ">
    <subfield code="y">Español</subfield>
    <subfield code="9">e1d198d9-2ffc-45cc-9705-d5684ee8cb6c</subfield>
    <subfield code="s">645294</subfield>
    <subfield code="u">https://digitallibrary.un.org/record/197289/files/S_25070_Add.23-ES.pdf</subfield>
  </datafield>
  <datafield tag="856" ind1="4" ind2=" ">
    <subfield code="y">Français</subfield>
    <subfield code="9">ea75b94e-5784-4a37-a595-c5bf2944610d</subfield>
    <subfield code="s">645144</subfield>
    <subfield code="u">https://digitallibrary.un.org/record/197289/files/S_25070_Add.23-FR.pdf</subfield>
  </datafield>
  <datafield tag="856" ind1="4" ind2=" ">
    <subfield code="y">Русский</subfield>
    <subfield code="9">061bc351-7f90-4ab8-88d5-2d8a10a12ebd</subfield>
    <subfield code="s">578613</subfield>
    <subfield code="u">https://digitallibrary.un.org/record/197289/files/S_25070_Add.23-RU.pdf</subfield>
  </datafield>
  <datafield tag="856" ind1="4" ind2=" ">
    <subfield code="y">中文</subfield>
    <subfield code="9">0b12db6d-0592-4e8f-86f0-2dc1ce12bd48</subfield>
    <subfield code="s">628022</subfield>
    <subfield code="u">https://digitallibrary.un.org/record/197289/files/S_25070_Add.23-ZH.pdf</subfield>
  </datafield>
  <datafield tag="930" ind1=" " ind2=" ">
    <subfield code="a">UNDOCT93</subfield>
  </datafield>
  <datafield tag="930" ind1=" " ind2=" ">
    <subfield code="a">CHCSEP93</subfield>
  </datafield>
  <datafield tag="955" ind1=" " ind2=" ">
    <subfield code="a">18210900</subfield>
  </datafield>
  <datafield tag="980" ind1=" " ind2=" ">
    <subfield code="a">BIB</subfield>
  </datafield>
  <datafield tag="981" ind1=" " ind2=" ">
    <subfield code="a">Security Council</subfield>
  </datafield>
  <datafield tag="989" ind1=" " ind2=" ">
    <subfield code="a">Documents and Publications</subfield>
  </datafield>
  <datafield tag="991" ind1="3" ind2=" ">
    <subfield code="a">S/48</subfield>
    <subfield code="b">[12]</subfield>
    <subfield code="d">UN. SECURITY COUNCIL (1993)--AGENDA</subfield>
    <subfield code="f">X01</subfield>
    <subfield code="0">(DHLAUTH)421462</subfield>
  </datafield>
  <datafield tag="998" ind1=" " ind2=" ">
    <subfield code="a">19970722000000</subfield>
    <subfield code="c">20210315105800</subfield>
    <subfield code="d">mocat</subfield>
    <subfield code="x">0x00010000c2f172e1</subfield>
    <subfield code="z">20210315150400</subfield>
  </datafield>
</record>