
<record>
  <controlfield tag="000">01954cam\\2200481#a\4500</controlfield>
  <controlfield tag="001">275852</controlfield>
  <controlfield tag="005">20191106120534.0</controlfield>
  <controlfield tag="008">990712c1999\\\\usa\\\\\r\\\\\00010\eng\d</controlfield>
  <datafield tag="029" ind1=" " ind2=" ">
    <subfield code="a">JN</subfield>
    <subfield code="b">N9920169 E</subfield>
  </datafield>
  <datafield tag="035" ind1=" " ind2=" ">
    <subfield code="a">D473478X</subfield>
    <subfield code="z">D0239511</subfield>
  </datafield>
  <datafield tag="035" ind1=" " ind2=" ">
    <subfield code="a">(DHL)473478</subfield>
  </datafield>
  <datafield tag="039" ind1=" " ind2=" ">
    <subfield code="a">DHU</subfield>
  </datafield>
  <datafield tag="040" ind1=" " ind2=" ">
    <subfield code="a">NNUN</subfield>
    <subfield code="b">eng</subfield>
  </datafield>
  <datafield tag="041" ind1=" " ind2=" ">
    <subfield code="a">arachiengfrerusspa</subfield>
  </datafield>
  <datafield tag="049" ind1=" " ind2=" ">
    <subfield code="a">USA</subfield>
  </datafield>
  <datafield tag="089" ind1=" " ind2=" ">
    <subfield code="b">B15</subfield>
  </datafield>
  <datafield tag="089" ind1=" " ind2=" ">
    <subfield code="b">B16</subfield>
  </datafield>
  <datafield tag="091" ind1=" " ind2=" ">
    <subfield code="a">GEN</subfield>
  </datafield>
  <datafield tag="099" ind1=" " ind2=" ">
    <subfield code="a">UNH</subfield>
    <subfield code="b">DHU</subfield>
  </datafield>
  <datafield tag="191" ind1=" " ind2=" ">
    <subfield code="0">1051868</subfield>
    <subfield code="9">X00</subfield>
    <subfield code="a">S/1999/764</subfield>
    <subfield code="b">S/</subfield>
    <subfield code="c">54</subfield>
    <subfield code="f">2.5883</subfield>
    <subfield code="q">S1999764</subfield>
    <subfield code="r">S54</subfield>
  </datafield>
  <datafield tag="245" ind1="1" ind2="0">
    <subfield code="a">Report of the Secretary-General on the United Nations Mission of Observers in Prevlaka</subfield>
  </datafield>
  <datafield tag="249" ind1=" " ind2=" ">
    <subfield code="a">Report on the UN Mission of Observers in Prevlaka / Secretary-General</subfield>
  </datafield>
  <datafield tag="260" ind1=" " ind2=" ">
    <subfield code="a">[New York] :</subfield>
    <subfield code="b">UN,</subfield>
    <subfield code="c">8 July 1999</subfield>
  </datafield>
  <datafield tag="269" ind1=" " ind2=" ">
    <subfield code="a">1999-07-08</subfield>
  </datafield>
  <datafield tag="300" ind1=" " ind2=" ">
    <subfield code="a">8 p. :</subfield>
    <subfield code="b">table</subfield>
  </datafield>
  <datafield tag="500" ind1=" " ind2=" ">
    <subfield code="a">"Annex : Composition and strength of the military element of the United Nations Mission of Observers in Prevlaka as at 1 July 1999" : p.8.</subfield>
  </datafield>
  <datafield tag="520" ind1=" " ind2=" ">
    <subfield code="a">Covers developments in the area of responsibility of the UN Mission of Observers in Prevlaka (UNMOP) since the report of 9 Apr. 1999 (S/1999/404). Reports on progress towards a negotiated settlement. Includes observations as well as a table on the composition and strength of the military element of UNMOP as at 1 July 1999.</subfield>
  </datafield>
  <datafield tag="610" ind1="1" ind2="7">
    <subfield code="0">927459</subfield>
    <subfield code="2">unbisn</subfield>
    <subfield code="a">UN Mission of Observers in Prevlaka</subfield>
  </datafield>
  <datafield tag="650" ind1="1" ind2="7">
    <subfield code="0">1277954</subfield>
    <subfield code="2">unbist</subfield>
    <subfield code="a">PEACEKEEPING OPERATIONS</subfield>
  </datafield>
  <datafield tag="650" ind1="1" ind2="7">
    <subfield code="0">1282819</subfield>
    <subfield code="2">unbist</subfield>
    <subfield code="a">DEMILITARIZED ZONES</subfield>
  </datafield>
  <datafield tag="650" ind1="1" ind2="7">
    <subfield code="0">1284099</subfield>
    <subfield code="2">unbist</subfield>
    <subfield code="a">CROATIA SITUATION</subfield>
  </datafield>
  <datafield tag="650" ind1="2" ind2="7">
    <subfield code="0">1284114</subfield>
    <subfield code="2">unbist</subfield>
    <subfield code="a">FORMER YUGOSLAVIA SITUATION</subfield>
  </datafield>
  <datafield tag="650" ind1="2" ind2="7">
    <subfield code="0">1277952</subfield>
    <subfield code="2">unbist</subfield>
    <subfield code="a">NEGOTIATION</subfield>
  </datafield>
  <datafield tag="650" ind1="2" ind2="7">
    <subfield code="0">1278018</subfield>
    <subfield code="2">unbist</subfield>
    <subfield code="a">MILITARY PERSONNEL</subfield>
  </datafield>
  <datafield tag="651" ind1="1" ind2="7">
    <subfield code="0">1277383</subfield>
    <subfield code="2">unbist</subfield>
    <subfield code="a">PREVLAKA PENINSULA</subfield>
  </datafield>
  <datafield tag="710" ind1="2" ind2=" ">
    <subfield code="0">864434</subfield>
    <subfield code="a">UN. Secretary-General</subfield>
  </datafield>
  <datafield tag="856" ind1="4" ind2=" ">
    <subfield code="s">80340</subfield>
    <subfield code="u">http://digitallibrary.un.org/record/275852/files/S_1999_764-AR.pdf</subfield>
    <subfield code="y">العربية</subfield>
  </datafield>
  <datafield tag="856" ind1="4" ind2=" ">
    <subfield code="s">188786</subfield>
    <subfield code="u">http://digitallibrary.un.org/record/275852/files/S_1999_764-ZH.pdf</subfield>
    <subfield code="y">中文</subfield>
  </datafield>
  <datafield tag="856" ind1="4" ind2=" ">
    <subfield code="s">24782</subfield>
    <subfield code="u">http://digitallibrary.un.org/record/275852/files/S_1999_764-EN.pdf</subfield>
    <subfield code="y">English</subfield>
  </datafield>
  <datafield tag="856" ind1="4" ind2=" ">
    <subfield code="s">26937</subfield>
    <subfield code="u">http://digitallibrary.un.org/record/275852/files/S_1999_764-FR.pdf</subfield>
    <subfield code="y">Français</subfield>
  </datafield>
  <datafield tag="856" ind1="4" ind2=" ">
    <subfield code="s">59184</subfield>
    <subfield code="u">http://digitallibrary.un.org/record/275852/files/S_1999_764-RU.pdf</subfield>
    <subfield code="y">Русский</subfield>
  </datafield>
  <datafield tag="856" ind1="4" ind2=" ">
    <subfield code="s">26174</subfield>
    <subfield code="u">http://digitallibrary.un.org/record/275852/files/S_1999_764-ES.pdf</subfield>
    <subfield code="y">Español</subfield>
  </datafield>
  <datafield tag="930" ind1=" " ind2=" ">
    <subfield code="a">DAA</subfield>
  </datafield>
  <datafield tag="930" ind1=" " ind2=" ">
    <subfield code="a">UNDJL99</subfield>
  </datafield>
  <datafield tag="930" ind1=" " ind2=" ">
    <subfield code="a">UDIQC99</subfield>
    <subfield code="b">2.5883</subfield>
  </datafield>
  <datafield tag="930" ind1=" " ind2=" ">
    <subfield code="a">UPDQ499</subfield>
  </datafield>
  <datafield tag="949" ind1=" " ind2=" ">
    <subfield code="9">S/1999/764</subfield>
    <subfield code="b">653953.7.1</subfield>
    <subfield code="c">c. 1</subfield>
    <subfield code="d">19990711200000</subfield>
    <subfield code="i">653953</subfield>
    <subfield code="k">unss</subfield>
    <subfield code="l">DHL</subfield>
    <subfield code="m">14day</subfield>
    <subfield code="z">t</subfield>
  </datafield>
  <datafield tag="949" ind1=" " ind2=" ">
    <subfield code="9">S/1999/764</subfield>
    <subfield code="b">653951.5.1</subfield>
    <subfield code="c">c. 1</subfield>
    <subfield code="d">19990711200000</subfield>
    <subfield code="i">653951</subfield>
    <subfield code="k">unfs</subfield>
    <subfield code="l">DHL</subfield>
    <subfield code="m">14day</subfield>
    <subfield code="z">t</subfield>
  </datafield>
  <datafield tag="949" ind1=" " ind2=" ">
    <subfield code="9">S/1999/764</subfield>
    <subfield code="b">653950.4.1</subfield>
    <subfield code="c">c. 1</subfield>
    <subfield code="d">19990711200000</subfield>
    <subfield code="i">653950</subfield>
    <subfield code="k">uncs</subfield>
    <subfield code="l">DHL</subfield>
    <subfield code="m">14day</subfield>
    <subfield code="z">t</subfield>
  </datafield>
  <datafield tag="949" ind1=" " ind2=" ">
    <subfield code="9">S/1999/764</subfield>
    <subfield code="b">653952.6.1</subfield>
    <subfield code="c">c. 1</subfield>
    <subfield code="d">19990711200000</subfield>
    <subfield code="i">653952</subfield>
    <subfield code="k">unrs</subfield>
    <subfield code="l">DHL</subfield>
    <subfield code="m">14day</subfield>
    <subfield code="z">t</subfield>
  </datafield>
  <datafield tag="949" ind1=" " ind2=" ">
    <subfield code="9">S/1999/764</subfield>
    <subfield code="b">653949.3.1</subfield>
    <subfield code="c">c. 1</subfield>
    <subfield code="d">19990711200000</subfield>
    <subfield code="i">653949</subfield>
    <subfield code="k">unas</subfield>
    <subfield code="l">DHL</subfield>
    <subfield code="m">14day</subfield>
    <subfield code="z">t</subfield>
  </datafield>
  <datafield tag="949" ind1=" " ind2=" ">
    <subfield code="9">S/1999/764</subfield>
    <subfield code="b">4734781</subfield>
    <subfield code="c">c. 1</subfield>
    <subfield code="d">19990711200000</subfield>
    <subfield code="i">653947</subfield>
    <subfield code="k">unes</subfield>
    <subfield code="l">DHL</subfield>
    <subfield code="m">14day</subfield>
    <subfield code="z">t</subfield>
  </datafield>
  <datafield tag="949" ind1=" " ind2=" ">
    <subfield code="9">S/1999/764</subfield>
    <subfield code="b">653948.2.1</subfield>
    <subfield code="c">c. 2</subfield>
    <subfield code="d">19990711200000</subfield>
    <subfield code="i">653948</subfield>
    <subfield code="k">unes</subfield>
    <subfield code="l">DHL</subfield>
    <subfield code="m">14day</subfield>
    <subfield code="z">t</subfield>
  </datafield>
  <datafield tag="980" ind1=" " ind2=" ">
    <subfield code="a">BIB</subfield>
  </datafield>
  <datafield tag="981" ind1=" " ind2=" ">
    <subfield code="a">Security Council</subfield>
  </datafield>
  <datafield tag="989" ind1=" " ind2=" ">
    <subfield code="a">Documents and Publications</subfield>
    <subfield code="b">Reports</subfield>
    <subfield code="c">Secretary-General's Reports</subfield>
  </datafield>
  <datafield tag="991" ind1="3" ind2=" ">
    <subfield code="a">S/54</subfield>
    <subfield code="b">[68]</subfield>
    <subfield code="d">UN MISSION OF OBSERVERS IN PREVLAKA</subfield>
    <subfield code="z">I0137629</subfield>
    <subfield code="0">(DHLAUTH)527133</subfield>
  </datafield>
  <datafield tag="991" ind1="3" ind2=" ">
    <subfield code="a">S/54</subfield>
    <subfield code="b">[60]</subfield>
    <subfield code="d">FORMER YUGOSLAVIA SITUATION</subfield>
    <subfield code="z">I0137629</subfield>
    <subfield code="0">(DHLAUTH)527125</subfield>
  </datafield>
  <datafield tag="991" ind1="3" ind2=" ">
    <subfield code="a">S/54</subfield>
    <subfield code="b">[65]</subfield>
    <subfield code="d">CROATIA SITUATION</subfield>
    <subfield code="z">I0137629</subfield>
    <subfield code="0">(DHLAUTH)527130</subfield>
  </datafield>
  <datafield tag="998" ind1=" " ind2=" ">
    <subfield code="a">19990711200000</subfield>
    <subfield code="b">jacs</subfield>
    <subfield code="c">20160728064800</subfield>
    <subfield code="d">shkcat</subfield>
  </datafield>
  <datafield tag="999" ind1=" " ind2=" ">
    <subfield code="a">pg</subfield>
    <subfield code="b">19990713</subfield>
    <subfield code="c">r</subfield>
  </datafield>
  <datafield tag="999" ind1=" " ind2=" ">
    <subfield code="a">jm</subfield>
    <subfield code="b">19990712</subfield>
    <subfield code="c">a</subfield>
  </datafield>
  <datafield tag="999" ind1=" " ind2=" ">
    <subfield code="a">NS</subfield>
    <subfield code="b">19990712</subfield>
    <subfield code="c">c</subfield>
  </datafield>
  <datafield tag="999" ind1=" " ind2=" ">
    <subfield code="a">JA</subfield>
    <subfield code="b">19990712</subfield>
    <subfield code="c">q</subfield>
  </datafield>
  <datafield tag="999" ind1=" " ind2=" ">
    <subfield code="a">TA</subfield>
    <subfield code="b">19990713</subfield>
    <subfield code="c">r</subfield>
  </datafield>
</record>