
<record>
  <controlfield tag="000">01692cam\\2200517#\\4500</controlfield>
  <controlfield tag="001">245667</controlfield>
  <controlfield tag="005">20191101150436.0</controlfield>
  <controlfield tag="008">971103s1997\\\\usa\\\\\r\\\\\\\\\\\eng\u</controlfield>
  <datafield tag="029" ind1=" " ind2=" ">
    <subfield code="a">JN</subfield>
    <subfield code="b">N9724814 E</subfield>
  </datafield>
  <datafield tag="035" ind1=" " ind2=" ">
    <subfield code="a">D425808X</subfield>
    <subfield code="z">D0216031</subfield>
  </datafield>
  <datafield tag="035" ind1=" " ind2=" ">
    <subfield code="a">(DHL)425808</subfield>
  </datafield>
  <datafield tag="039" ind1=" " ind2=" ">
    <subfield code="a">DHU</subfield>
  </datafield>
  <datafield tag="040" ind1=" " ind2=" ">
    <subfield code="a">NNUN</subfield>
    <subfield code="b">eng</subfield>
  </datafield>
  <datafield tag="041" ind1=" " ind2=" ">
    <subfield code="a">arachiengfrerusspa</subfield>
  </datafield>
  <datafield tag="049" ind1=" " ind2=" ">
    <subfield code="a">usa</subfield>
  </datafield>
  <datafield tag="089" ind1=" " ind2=" ">
    <subfield code="a">Reports/letters (UN Secretary-General)</subfield>
    <subfield code="b">B15</subfield>
  </datafield>
  <datafield tag="089" ind1=" " ind2=" ">
    <subfield code="a">Reports/studies</subfield>
    <subfield code="b">B16</subfield>
  </datafield>
  <datafield tag="089" ind1=" " ind2=" ">
    <subfield code="a">Maps (UN) in documents</subfield>
    <subfield code="b">B11</subfield>
  </datafield>
  <datafield tag="091" ind1=" " ind2=" ">
    <subfield code="a">GEN</subfield>
  </datafield>
  <datafield tag="099" ind1=" " ind2=" ">
    <subfield code="a">UNH</subfield>
    <subfield code="b">DHU</subfield>
  </datafield>
  <datafield tag="191" ind1=" " ind2=" ">
    <subfield code="0">1023327</subfield>
    <subfield code="9">X00</subfield>
    <subfield code="a">S/1997/832</subfield>
    <subfield code="b">S/</subfield>
    <subfield code="c">52</subfield>
    <subfield code="d">S/</subfield>
    <subfield code="e">1997/832</subfield>
    <subfield code="f">014038</subfield>
    <subfield code="q">S1997832</subfield>
    <subfield code="r">S52</subfield>
  </datafield>
  <datafield tag="245" ind1="1" ind2="0">
    <subfield code="a">Report of the Secretary-General on the United Nations Transition Mission in Haiti.</subfield>
  </datafield>
  <datafield tag="249" ind1=" " ind2=" ">
    <subfield code="a">Report on the UN Transition Mission in Haiti / Secretary-General</subfield>
  </datafield>
  <datafield tag="260" ind1=" " ind2=" ">
    <subfield code="a">[New York] :</subfield>
    <subfield code="b">UN,</subfield>
    <subfield code="c">31 Oct. 1997.</subfield>
  </datafield>
  <datafield tag="269" ind1=" " ind2=" ">
    <subfield code="a">1997-10-31</subfield>
  </datafield>
  <datafield tag="300" ind1=" " ind2=" ">
    <subfield code="a">13 p. :</subfield>
    <subfield code="b">map, table</subfield>
  </datafield>
  <datafield tag="500" ind1=" " ind2=" ">
    <subfield code="a">Includes#UN map no. 4032: UNTMIH deployment as of September 1997#(Sept. 1997).</subfield>
  </datafield>
  <datafield tag="598" ind1=" " ind2=" ">
    <subfield code="a">Issued: 31 Oct. 1997. - Includes UN map on UNTMIH deployment as of Sept. 1997</subfield>
  </datafield>
  <datafield tag="610" ind1="2" ind2="7">
    <subfield code="0">1027596</subfield>
    <subfield code="a">UN Transition Mission in Haiti</subfield>
  </datafield>
  <datafield tag="650" ind1="0" ind2="7">
    <subfield code="0">1277954</subfield>
    <subfield code="a">PEACEKEEPING OPERATIONS</subfield>
  </datafield>
  <datafield tag="650" ind1="0" ind2="7">
    <subfield code="0">1278724</subfield>
    <subfield code="a">MAPS</subfield>
  </datafield>
  <datafield tag="650" ind1="0" ind2="7">
    <subfield code="0">1282419</subfield>
    <subfield code="a">POLITICAL CONDITIONS</subfield>
  </datafield>
  <datafield tag="650" ind1="0" ind2="7">
    <subfield code="0">1277812</subfield>
    <subfield code="a">ELECTIONS</subfield>
  </datafield>
  <datafield tag="650" ind1="0" ind2="7">
    <subfield code="0">1281147</subfield>
    <subfield code="a">POLICE</subfield>
  </datafield>
  <datafield tag="650" ind1="0" ind2="7">
    <subfield code="0">1280774</subfield>
    <subfield code="a">TRAINING PROGRAMMES</subfield>
  </datafield>
  <datafield tag="650" ind1="0" ind2="7">
    <subfield code="0">1282427</subfield>
    <subfield code="a">JUDICIAL SYSTEM</subfield>
  </datafield>
  <datafield tag="650" ind1="0" ind2="7">
    <subfield code="0">1278411</subfield>
    <subfield code="a">INSTITUTION BUILDING</subfield>
  </datafield>
  <datafield tag="650" ind1="0" ind2="7">
    <subfield code="0">1278574</subfield>
    <subfield code="a">DEVELOPMENT ASSISTANCE</subfield>
  </datafield>
  <datafield tag="650" ind1="0" ind2="7">
    <subfield code="0">1278018</subfield>
    <subfield code="a">MILITARY PERSONNEL</subfield>
  </datafield>
  <datafield tag="650" ind1="0" ind2="7">
    <subfield code="0">1281028</subfield>
    <subfield code="a">CIVILIAN PERSONS</subfield>
  </datafield>
  <datafield tag="650" ind1="0" ind2="7">
    <subfield code="0">1284434</subfield>
    <subfield code="a">HAITI QUESTION</subfield>
  </datafield>
  <datafield tag="651" ind1="0" ind2="7">
    <subfield code="0">1282161</subfield>
    <subfield code="a">HAITI</subfield>
  </datafield>
  <datafield tag="710" ind1="2" ind2="0">
    <subfield code="0">864434</subfield>
    <subfield code="a">UN. Secretary-General</subfield>
  </datafield>
  <datafield tag="856" ind1="4" ind2=" ">
    <subfield code="s">96776</subfield>
    <subfield code="u">http://digitallibrary.un.org/record/245667/files/S_1997_832-AR.pdf</subfield>
    <subfield code="y">العربية</subfield>
  </datafield>
  <datafield tag="856" ind1="4" ind2=" ">
    <subfield code="s">271908</subfield>
    <subfield code="u">http://digitallibrary.un.org/record/245667/files/S_1997_832-ZH.pdf</subfield>
    <subfield code="y">中文</subfield>
  </datafield>
  <datafield tag="856" ind1="4" ind2=" ">
    <subfield code="s">37826</subfield>
    <subfield code="u">http://digitallibrary.un.org/record/245667/files/S_1997_832-EN.pdf</subfield>
    <subfield code="y">English</subfield>
  </datafield>
  <datafield tag="856" ind1="4" ind2=" ">
    <subfield code="s">41069</subfield>
    <subfield code="u">http://digitallibrary.un.org/record/245667/files/S_1997_832-FR.pdf</subfield>
    <subfield code="y">Français</subfield>
  </datafield>
  <datafield tag="856" ind1="4" ind2=" ">
    <subfield code="s">77394</subfield>
    <subfield code="u">http://digitallibrary.un.org/record/245667/files/S_1997_832-RU.pdf</subfield>
    <subfield code="y">Русский</subfield>
  </datafield>
  <datafield tag="856" ind1="4" ind2=" ">
    <subfield code="s">41310</subfield>
    <subfield code="u">http://digitallibrary.un.org/record/245667/files/S_1997_832-ES.pdf</subfield>
    <subfield code="y">Español</subfield>
  </datafield>
  <datafield tag="930" ind1=" " ind2=" ">
    <subfield code="a">UNDNO97</subfield>
  </datafield>
  <datafield tag="930" ind1=" " ind2=" ">
    <subfield code="a">CHCDEC97</subfield>
  </datafield>
  <datafield tag="955" ind1=" " ind2=" ">
    <subfield code="a">17502200</subfield>
  </datafield>
  <datafield tag="980" ind1=" " ind2=" ">
    <subfield code="a">BIB</subfield>
  </datafield>
  <datafield tag="981" ind1=" " ind2=" ">
    <subfield code="a">Security Council</subfield>
  </datafield>
  <datafield tag="989" ind1=" " ind2=" ">
    <subfield code="a">Documents and Publications</subfield>
    <subfield code="b">Reports</subfield>
    <subfield code="c">Secretary-General's Reports</subfield>
  </datafield>
  <datafield tag="991" ind1="3" ind2=" ">
    <subfield code="a">S/52</subfield>
    <subfield code="b">[137]</subfield>
    <subfield code="d">UN TRANSITION MISSION IN HAITI</subfield>
    <subfield code="z">I0128660</subfield>
    <subfield code="0">(DHLAUTH)471618</subfield>
  </datafield>
  <datafield tag="991" ind1="3" ind2=" ">
    <subfield code="a">S/52</subfield>
    <subfield code="b">[138]</subfield>
    <subfield code="d">HAITI--POLITICAL CONDITIONS</subfield>
    <subfield code="z">I0128660</subfield>
    <subfield code="0">(DHLAUTH)466770</subfield>
  </datafield>
  <datafield tag="998" ind1=" " ind2=" ">
    <subfield code="a">19971114232900</subfield>
    <subfield code="b">cat</subfield>
    <subfield code="c">20160728064800</subfield>
    <subfield code="d">shkcat</subfield>
  </datafield>
</record>