
<record>
  <controlfield tag="000">00000nam a2200025#a 4500</controlfield>
  <controlfield tag="001">3880813</controlfield>
  <controlfield tag="005">20211130102849.0</controlfield>
  <controlfield tag="008">200916s2020    usa    #r     |||1| eng d</controlfield>
  <datafield tag="035" ind1=" " ind2=" ">
    <subfield code="a">(DHL)1274705</subfield>
  </datafield>
  <datafield tag="039" ind1=" " ind2=" ">
    <subfield code="a">DHU</subfield>
  </datafield>
  <datafield tag="040" ind1=" " ind2=" ">
    <subfield code="a">NNUN</subfield>
    <subfield code="b">eng</subfield>
  </datafield>
  <datafield tag="041" ind1="0" ind2=" ">
    <subfield code="a">eng</subfield>
  </datafield>
  <datafield tag="049" ind1=" " ind2=" ">
    <subfield code="a">usa</subfield>
  </datafield>
  <datafield tag="089" ind1=" " ind2=" ">
    <subfield code="b">B20</subfield>
  </datafield>
  <datafield tag="091" ind1=" " ind2=" ">
    <subfield code="a">GER</subfield>
  </datafield>
  <datafield tag="099" ind1=" " ind2=" ">
    <subfield code="a">UNH</subfield>
    <subfield code="b">DHU</subfield>
  </datafield>
  <datafield tag="191" ind1=" " ind2=" ">
    <subfield code="a">[ST/DPI/PRESS/]SG/SM/20255</subfield>
    <subfield code="b">ST/DPI/PRESS/SG/SM/</subfield>
    <subfield code="q">STDPIPRESSSGSM20255</subfield>
    <subfield code="r">STDPIPRESSSGSM</subfield>
    <subfield code="0">(DHLAUTH)437977</subfield>
  </datafield>
  <datafield tag="191" ind1=" " ind2=" ">
    <subfield code="b">***</subfield>
    <subfield code="z">SG/SM/20255</subfield>
    <subfield code="q">SGSM20255</subfield>
    <subfield code="0">(DHLAUTH)325910</subfield>
  </datafield>
  <datafield tag="245" ind1="1" ind2="0">
    <subfield code="a">Secretary-General, at Global Ireland Conference, Hails Country as Leading Voice on Disarmament, Champion of Women’s Involvement in Peacekeeping, Security</subfield>
  </datafield>
  <datafield tag="269" ind1=" " ind2=" ">
    <subfield code="a">2020-09-15</subfield>
  </datafield>
  <datafield tag="700" ind1="1" ind2=" ">
    <subfield code="a">Guterres, António, 1949-</subfield>
    <subfield code="0">(DHLAUTH)573220</subfield>
  </datafield>
  <datafield tag="710" ind1="2" ind2=" ">
    <subfield code="a">UN. Secretary-General</subfield>
    <subfield code="0">(DHLAUTH)10663</subfield>
  </datafield>
  <datafield tag="830" ind1="0" ind2=" ">
    <subfield code="a">UN Press Release. Secretary-General. Statement</subfield>
    <subfield code="0">(DHLAUTH)901715</subfield>
  </datafield>
  <datafield tag="856" ind1="4" ind2="1">
    <subfield code="3">English</subfield>
    <subfield code="q">HTML</subfield>
    <subfield code="u">https://www.un.org/press/en/2020/sgsm20255.doc.htm</subfield>
  </datafield>
  <datafield tag="930" ind1=" " ind2=" ">
    <subfield code="a">UNDSE20</subfield>
  </datafield>
  <datafield tag="980" ind1=" " ind2=" ">
    <subfield code="a">BIB</subfield>
  </datafield>
  <datafield tag="981" ind1=" " ind2=" ">
    <subfield code="a">Secretariat</subfield>
  </datafield>
  <datafield tag="989" ind1=" " ind2=" ">
    <subfield code="a">Documents and Publications</subfield>
    <subfield code="b">Press Releases</subfield>
  </datafield>
  <datafield tag="998" ind1=" " ind2=" ">
    <subfield code="a">20200916084800</subfield>
    <subfield code="b">mocat</subfield>
    <subfield code="c">20211130101900</subfield>
    <subfield code="d">mocat</subfield>
    <subfield code="x">0x00010000c4b7d779</subfield>
    <subfield code="z">20211130152427</subfield>
  </datafield>
  <datafield tag="999" ind1=" " ind2=" ">
    <subfield code="a">moc20200916</subfield>
    <subfield code="b">20200916</subfield>
    <subfield code="c">c</subfield>
  </datafield>
</record>