
<record>
  <controlfield tag="001">3867117</controlfield>
  <controlfield tag="005">20200925131215.0</controlfield>
  <datafield tag="035" ind1=" " ind2=" ">
    <subfield code="a">(DHL)1262377</subfield>
  </datafield>
  <datafield tag="039" ind1=" " ind2=" ">
    <subfield code="a">DHU</subfield>
  </datafield>
  <datafield tag="040" ind1=" " ind2=" ">
    <subfield code="a">NNUN</subfield>
    <subfield code="b">eng</subfield>
  </datafield>
  <datafield tag="041" ind1=" " ind2=" ">
    <subfield code="a">eng</subfield>
  </datafield>
  <datafield tag="049" ind1=" " ind2=" ">
    <subfield code="a">usa</subfield>
  </datafield>
  <datafield tag="089" ind1=" " ind2=" ">
    <subfield code="b">B19</subfield>
  </datafield>
  <datafield tag="091" ind1=" " ind2=" ">
    <subfield code="a">GER</subfield>
  </datafield>
  <datafield tag="099" ind1=" " ind2=" ">
    <subfield code="a">UNH</subfield>
    <subfield code="b">DHU</subfield>
  </datafield>
  <datafield tag="191" ind1=" " ind2=" ">
    <subfield code="a">[ST/DPI/PRESS/]DSG/SM/553</subfield>
    <subfield code="b">ST/DPI/PRESS/DSG/SM/</subfield>
    <subfield code="q">STDPIPRESSDSGSM553</subfield>
    <subfield code="r">STDPIPRESSDSGSM</subfield>
    <subfield code="0">(DHLAUTH)453434</subfield>
  </datafield>
  <datafield tag="191" ind1=" " ind2=" ">
    <subfield code="b">***</subfield>
    <subfield code="z">DSG/SM/553</subfield>
    <subfield code="q">DSGSM553</subfield>
    <subfield code="0">(DHLAUTH)325910</subfield>
  </datafield>
  <datafield tag="191" ind1=" " ind2=" ">
    <subfield code="a">[ST/DPI/PRESS/]OBV/1001</subfield>
    <subfield code="b">ST/DPI/PRESS/OBV/</subfield>
    <subfield code="q">STDPIPRESSOBV1001</subfield>
    <subfield code="r">STDPIPRESSOBV</subfield>
    <subfield code="0">(DHLAUTH)577682</subfield>
  </datafield>
  <datafield tag="191" ind1=" " ind2=" ">
    <subfield code="b">***</subfield>
    <subfield code="z">OBV/1001</subfield>
    <subfield code="q">OBV1001</subfield>
    <subfield code="0">(DHLAUTH)325910</subfield>
  </datafield>
  <datafield tag="191" ind1=" " ind2=" ">
    <subfield code="a">[ST/DPI/PRESS/]PKO/274</subfield>
    <subfield code="b">ST/DPI/PRESS/PKO/</subfield>
    <subfield code="q">STDPIPRESSPKO274</subfield>
    <subfield code="r">STDPIPRESSPKO</subfield>
    <subfield code="0">(DHLAUTH)452556</subfield>
  </datafield>
  <datafield tag="191" ind1=" " ind2=" ">
    <subfield code="b">***</subfield>
    <subfield code="z">PKO/274</subfield>
    <subfield code="q">PKO274</subfield>
    <subfield code="0">(DHLAUTH)325910</subfield>
  </datafield>
  <datafield tag="245" ind1=" " ind2=" ">
    <subfield code="a">Deputy Secretary-General, in Remarks to Medal Awards Ceremony, Says Burden of United Nations Peacekeeping Falls on Individuals Men, Women</subfield>
  </datafield>
  <datafield tag="269" ind1=" " ind2=" ">
    <subfield code="a">2011-05-27</subfield>
  </datafield>
  <datafield tag="710" ind1=" " ind2=" ">
    <subfield code="a">UN. Deputy Secretary-General</subfield>
    <subfield code="0">(DHLAUTH)480291</subfield>
  </datafield>
  <datafield tag="830" ind1="0" ind2=" ">
    <subfield code="a">UN Press Release. Deputy Secretary-General. Statement</subfield>
    <subfield code="0">(DHLAUTH)910908</subfield>
  </datafield>
  <datafield tag="856" ind1=" " ind2=" ">
    <subfield code="3">English</subfield>
    <subfield code="q">HTML</subfield>
    <subfield code="u">https://www.un.org/press/en/2011/dsgsm553.doc.htm</subfield>
  </datafield>
  <datafield tag="930" ind1=" " ind2=" ">
    <subfield code="a">TCI-DSG</subfield>
  </datafield>
  <datafield tag="930" ind1=" " ind2=" ">
    <subfield code="a">UNDAP20</subfield>
  </datafield>
  <datafield tag="980" ind1=" " ind2=" ">
    <subfield code="a">BIB</subfield>
  </datafield>
  <datafield tag="981" ind1=" " ind2=" ">
    <subfield code="a">Secretariat</subfield>
  </datafield>
  <datafield tag="989" ind1=" " ind2=" ">
    <subfield code="a">Documents and Publications</subfield>
    <subfield code="b">Press Releases</subfield>
  </datafield>
  <datafield tag="998" ind1=" " ind2=" ">
    <subfield code="a">20200625195800</subfield>
    <subfield code="b">vvcat</subfield>
    <subfield code="c">20200925102700</subfield>
    <subfield code="d">sh35cat</subfield>
    <subfield code="x">0x00010000c164aa18</subfield>
    <subfield code="z">20200925164213</subfield>
  </datafield>
  <datafield tag="999" ind1=" " ind2=" ">
    <subfield code="a">ffc20200427</subfield>
  </datafield>
</record>