
<record>
  <controlfield tag="000">00000nam a2200025#a 4500</controlfield>
  <controlfield tag="001">3844953</controlfield>
  <controlfield tag="005">20221031224008.0</controlfield>
  <controlfield tag="008">180109s2017    che    #r     |||1| eng d</controlfield>
  <datafield tag="029" ind1=" " ind2=" ">
    <subfield code="a">JN</subfield>
    <subfield code="b">G1715497 E</subfield>
  </datafield>
  <datafield tag="035" ind1=" " ind2=" ">
    <subfield code="a">(DHL)1156223</subfield>
  </datafield>
  <datafield tag="039" ind1=" " ind2=" ">
    <subfield code="a">GUN</subfield>
  </datafield>
  <datafield tag="040" ind1=" " ind2=" ">
    <subfield code="a">SzGeBNU</subfield>
    <subfield code="b">eng</subfield>
  </datafield>
  <datafield tag="041" ind1=" " ind2=" ">
    <subfield code="a">arachiengfrerusspa</subfield>
  </datafield>
  <datafield tag="049" ind1=" " ind2=" ">
    <subfield code="a">che</subfield>
  </datafield>
  <datafield tag="089" ind1=" " ind2=" ">
    <subfield code="b">B16</subfield>
  </datafield>
  <datafield tag="091" ind1=" " ind2=" ">
    <subfield code="a">GEN</subfield>
  </datafield>
  <datafield tag="099" ind1=" " ind2=" ">
    <subfield code="a">UNG</subfield>
    <subfield code="b">GUN</subfield>
  </datafield>
  <datafield tag="191" ind1=" " ind2=" ">
    <subfield code="a">A/HRC/36/62</subfield>
    <subfield code="b">A/HRC/</subfield>
    <subfield code="c">36</subfield>
    <subfield code="q">AHRC3662</subfield>
    <subfield code="r">AHRC36</subfield>
    <subfield code="0">(DHLAUTH)887143</subfield>
  </datafield>
  <datafield tag="245" ind1="1" ind2="0">
    <subfield code="a">Report of the Independent Expert on the Situation of Human Rights in Somalia : note /</subfield>
    <subfield code="c">by the Secretariat</subfield>
  </datafield>
  <datafield tag="260" ind1=" " ind2=" ">
    <subfield code="a">Geneva :</subfield>
    <subfield code="b">UN,</subfield>
    <subfield code="c">6 Sept. 2017</subfield>
  </datafield>
  <datafield tag="269" ind1=" " ind2=" ">
    <subfield code="a">2017-09-06</subfield>
  </datafield>
  <datafield tag="300" ind1=" " ind2=" ">
    <subfield code="a">20 p.</subfield>
  </datafield>
  <datafield tag="500" ind1=" " ind2=" ">
    <subfield code="a">Submitted by Independent Expert Bahame Tom Nyanduga pursuant to Human Rights Council resolution 33/17.</subfield>
  </datafield>
  <datafield tag="610" ind1="2" ind2="7">
    <subfield code="a">African Union Mission in Somalia</subfield>
    <subfield code="2">unbisn</subfield>
    <subfield code="0">(DHLAUTH)721539</subfield>
  </datafield>
  <datafield tag="610" ind1="2" ind2="7">
    <subfield code="a">UN Assistance Mission in Somalia</subfield>
    <subfield code="2">unbisn</subfield>
    <subfield code="0">(DHLAUTH)834129</subfield>
  </datafield>
  <datafield tag="610" ind1="2" ind2="7">
    <subfield code="a">UN. Human Rights Council. Independent Expert on the Situation of Human Rights in Somalia</subfield>
    <subfield code="g">Recommendations</subfield>
    <subfield code="2">unbisn</subfield>
    <subfield code="0">(DHLAUTH)724494</subfield>
  </datafield>
  <datafield tag="650" ind1="1" ind2="7">
    <subfield code="a">HUMAN RIGHTS</subfield>
    <subfield code="2">unbist</subfield>
    <subfield code="0">(DHLAUTH)274431</subfield>
  </datafield>
  <datafield tag="650" ind1="1" ind2="7">
    <subfield code="a">SOMALIA</subfield>
    <subfield code="2">unbist</subfield>
    <subfield code="0">(DHLAUTH)273476</subfield>
  </datafield>
  <datafield tag="650" ind1="1" ind2="7">
    <subfield code="a">POLITICAL CONDITIONS</subfield>
    <subfield code="2">unbist</subfield>
    <subfield code="0">(DHLAUTH)268326</subfield>
  </datafield>
  <datafield tag="650" ind1="1" ind2="7">
    <subfield code="a">HUMANITARIAN EMERGENCIES</subfield>
    <subfield code="2">unbist</subfield>
    <subfield code="0">(DHLAUTH)477179</subfield>
  </datafield>
  <datafield tag="650" ind1="1" ind2="7">
    <subfield code="a">INTERNAL SECURITY</subfield>
    <subfield code="2">unbist</subfield>
    <subfield code="0">(DHLAUTH)268398</subfield>
  </datafield>
  <datafield tag="650" ind1="1" ind2="7">
    <subfield code="a">ADMINISTRATION OF JUSTICE</subfield>
    <subfield code="2">unbist</subfield>
    <subfield code="0">(DHLAUTH)269125</subfield>
  </datafield>
  <datafield tag="650" ind1="1" ind2="7">
    <subfield code="a">WOMEN'S RIGHTS</subfield>
    <subfield code="2">unbist</subfield>
    <subfield code="0">(DHLAUTH)273161</subfield>
  </datafield>
  <datafield tag="650" ind1="1" ind2="7">
    <subfield code="a">PEACEKEEPING OPERATIONS</subfield>
    <subfield code="2">unbist</subfield>
    <subfield code="0">(DHLAUTH)474428</subfield>
  </datafield>

  <datafield tag="700" ind1="1" ind2=" ">
    <subfield code="a">Nyanduga, Bahame Tom</subfield>
    <subfield code="0">(DHLAUTH)857650</subfield>
  </datafield>
  <datafield tag="710" ind1="2" ind2=" ">
    <subfield code="a">UN. Human Rights Council. Independent Expert on the Situation of Human Rights in Somalia</subfield>
    <subfield code="0">(DHLAUTH)718371</subfield>
  </datafield>
  <datafield tag="710" ind1="2" ind2=" ">
    <subfield code="a">UN. Human Rights Council. Secretariat</subfield>
    <subfield code="0">(DHLAUTH)743147</subfield>
  </datafield>
  <datafield tag="830" ind1="0" ind2=" ">
    <subfield code="a">Report of the Independent Expert on the Situation of Human Rights in Somalia</subfield>
    <subfield code="0">(DHLAUTH)887675</subfield>
  </datafield>
  <datafield tag="830" ind1="0" ind2=" ">
    <subfield code="a">Report of the Special Procedure of the Human Rights Council</subfield>
    <subfield code="0">(DHLAUTH)887654</subfield>
  </datafield>
  <datafield tag="856" ind1="4" ind2=" ">
    <subfield code="y">العربية</subfield>
    <subfield code="9">8fc2f8cc-79d3-4c29-b5d2-2b80633b7799</subfield>
    <subfield code="s">780364</subfield>
    <subfield code="u">https://digitallibrary.un.org/record/3844953/files/A_HRC_36_62-AR.pdf</subfield>
  </datafield>
  <datafield tag="856" ind1="4" ind2=" ">
    <subfield code="y">English</subfield>
    <subfield code="9">910b3b29-9979-43b1-80f2-7975d78d6c16</subfield>
    <subfield code="s">296926</subfield>
    <subfield code="u">https://digitallibrary.un.org/record/3844953/files/A_HRC_36_62-EN.pdf</subfield>
  </datafield>
  <datafield tag="856" ind1="4" ind2=" ">
    <subfield code="y">Español</subfield>
    <subfield code="9">4ff73a7a-dcd5-40e6-b339-bfb682b876b8</subfield>
    <subfield code="s">385171</subfield>
    <subfield code="u">https://digitallibrary.un.org/record/3844953/files/A_HRC_36_62-ES.pdf</subfield>
  </datafield>
  <datafield tag="856" ind1="4" ind2=" ">
    <subfield code="y">Français</subfield>
    <subfield code="9">9e48c305-f443-4a8f-991d-cb108f7571f3</subfield>
    <subfield code="s">420230</subfield>
    <subfield code="u">https://digitallibrary.un.org/record/3844953/files/A_HRC_36_62-FR.pdf</subfield>
  </datafield>
  <datafield tag="856" ind1="4" ind2=" ">
    <subfield code="y">Русский</subfield>
    <subfield code="9">46eb66dc-06e5-49a3-9060-cde8e3fdf22d</subfield>
    <subfield code="s">470789</subfield>
    <subfield code="u">https://digitallibrary.un.org/record/3844953/files/A_HRC_36_62-RU.pdf</subfield>
  </datafield>
  <datafield tag="856" ind1="4" ind2=" ">
    <subfield code="y">中文</subfield>
    <subfield code="9">33bb4444-832e-4f75-b5d6-c619fef3bc1c</subfield>
    <subfield code="s">665330</subfield>
    <subfield code="u">https://digitallibrary.un.org/record/3844953/files/A_HRC_36_62-ZH.pdf</subfield>
  </datafield>
  <datafield tag="930" ind1=" " ind2=" ">
    <subfield code="a">UNDJA18</subfield>
  </datafield>
  <datafield tag="980" ind1=" " ind2=" ">
    <subfield code="a">BIB</subfield>
  </datafield>
  <datafield tag="981" ind1=" " ind2=" ">
    <subfield code="a">General Assembly</subfield>
    <subfield code="b">Human Rights Council</subfield>
  </datafield>
  <datafield tag="981" ind1=" " ind2=" ">
    <subfield code="a">Human Rights Bodies</subfield>
    <subfield code="b">Charter-Based Human Rights Bodies</subfield>
    <subfield code="c">Human Rights Council</subfield>
  </datafield>
  <datafield tag="989" ind1=" " ind2=" ">
    <subfield code="a">Documents and Publications</subfield>
    <subfield code="b">Reports</subfield>
  </datafield>
  <datafield tag="991" ind1=" " ind2=" ">
    <subfield code="a">A/HRC/36/1</subfield>
    <subfield code="b">10</subfield>
    <subfield code="c">Technical assistance and capacity-building.</subfield>
    <subfield code="0">(DHLAUTH)887633</subfield>
  </datafield>
  <datafield tag="998" ind1=" " ind2=" ">
    <subfield code="a">20180109123400</subfield>
    <subfield code="b">jccat2</subfield>
    <subfield code="c">20180109142200</subfield>
    <subfield code="d">jccat2</subfield>
    <subfield code="x">0x00010000b92a8af5</subfield>
    <subfield code="z">20200217173843</subfield>
  </datafield>
  <datafield tag="999" ind1=" " ind2=" ">
    <subfield code="a">jcc20180109</subfield>
    <subfield code="b">20180109</subfield>
    <subfield code="c">c</subfield>
  </datafield>
</record>