
<record>
  <controlfield tag="000">01455cam a2200505#a 4500</controlfield>
  <controlfield tag="001">257496</controlfield>
  <controlfield tag="005">20210528073101.0</controlfield>
  <controlfield tag="008">980728s1998    usa    #r     000 0 eng u</controlfield>
  <datafield tag="020" ind1=" " ind2=" ">
    <subfield code="a">9290451262</subfield>
  </datafield>
  <datafield tag="029" ind1=" " ind2=" ">
    <subfield code="a">JN</subfield>
    <subfield code="b">G9800327 E</subfield>
  </datafield>
  <datafield tag="035" ind1=" " ind2=" ">
    <subfield code="a">D445326X</subfield>
    <subfield code="z">D0224639</subfield>
  </datafield>
  <datafield tag="035" ind1=" " ind2=" ">
    <subfield code="a">(DHL)445326</subfield>
  </datafield>
  <datafield tag="039" ind1=" " ind2=" ">
    <subfield code="a">DHU</subfield>
  </datafield>
  <datafield tag="040" ind1=" " ind2=" ">
    <subfield code="a">NNUN</subfield>
    <subfield code="b">eng</subfield>
  </datafield>
  <datafield tag="041" ind1=" " ind2=" ">
    <subfield code="a">engfre</subfield>
  </datafield>
  <datafield tag="049" ind1=" " ind2=" ">
    <subfield code="a">USACHE</subfield>
  </datafield>
  <datafield tag="079" ind1=" " ind2=" ">
    <subfield code="a">GV.98.0.6</subfield>
    <subfield code="q">GV9806</subfield>
  </datafield>
  <datafield tag="089" ind1=" " ind2=" ">
    <subfield code="b">B13</subfield>
  </datafield>
  <datafield tag="089" ind1=" " ind2=" ">
    <subfield code="b">B16</subfield>
  </datafield>
  <datafield tag="091" ind1=" " ind2=" ">
    <subfield code="a">GER</subfield>
  </datafield>
  <datafield tag="099" ind1=" " ind2=" ">
    <subfield code="a">UNH</subfield>
    <subfield code="b">DHU</subfield>
  </datafield>
  <datafield tag="191" ind1=" " ind2=" ">
    <subfield code="a">UNIDIR/98/4</subfield>
    <subfield code="b">UNIDIR/</subfield>
    <subfield code="d">UNIDIR/</subfield>
    <subfield code="e">98/4</subfield>
    <subfield code="q">UNIDIR984</subfield>
    <subfield code="r">UNIDIR</subfield>
    <subfield code="0">(DHLAUTH)348716</subfield>
  </datafield>
  <datafield tag="245" ind1="1" ind2="0">
    <subfield code="a">Managing arms in peace processes :</subfield>
    <subfield code="b">training</subfield>
  </datafield>
  <datafield tag="246" ind1="3" ind2="3">
    <subfield code="a">Disarmament and Conflict Resolution Project :</subfield>
    <subfield code="b">managing arms in peace processes : training</subfield>
  </datafield>
  <datafield tag="260" ind1=" " ind2=" ">
    <subfield code="a">New York ;</subfield>
    <subfield code="a">Geneva :</subfield>
    <subfield code="b">UN,</subfield>
    <subfield code="c">1998</subfield>
  </datafield>
  <datafield tag="269" ind1=" " ind2=" ">
    <subfield code="a">1998</subfield>
  </datafield>
  <datafield tag="300" ind1=" " ind2=" ">
    <subfield code="a">xx, 150 p. :</subfield>
    <subfield code="b">charts, tables</subfield>
  </datafield>
  <datafield tag="500" ind1=" " ind2=" ">
    <subfield code="a">Includes bibliographical references.</subfield>
  </datafield>
  <datafield tag="610" ind1="2" ind2="7">
    <subfield code="a">UN Institute for Disarmament Research. Disarmament and Conflict Resolution Project</subfield>
    <subfield code="2">unbisn</subfield>
    <subfield code="0">(DHLAUTH)458133</subfield>
  </datafield>
  <datafield tag="650" ind1="0" ind2="7">
    <subfield code="a">MILITARY DEMOBILIZATION</subfield>
    <subfield code="2">unbist</subfield>
    <subfield code="0">(DHLAUTH)268842</subfield>
  </datafield>
  <datafield tag="650" ind1="0" ind2="7">
    <subfield code="a">MILITARY PERSONNEL</subfield>
    <subfield code="2">unbist</subfield>
    <subfield code="0">(DHLAUTH)268838</subfield>
  </datafield>
  <datafield tag="650" ind1="0" ind2="4">
    <subfield code="a">PEACEKEEPING OPERATIONS</subfield>
    <subfield code="0">(DHLAUTH)474428</subfield>
  </datafield>
  <datafield tag="650" ind1="0" ind2="7">
    <subfield code="a">WEAPONS SURRENDER</subfield>
    <subfield code="2">unbist</subfield>
    <subfield code="0">(DHLAUTH)276629</subfield>
  </datafield>
  <datafield tag="650" ind1="0" ind2="7">
    <subfield code="a">TRAINING PROGRAMMES</subfield>
    <subfield code="2">unbist</subfield>
    <subfield code="0">(DHLAUTH)274026</subfield>
  </datafield>
  <datafield tag="650" ind1="0" ind2="7">
    <subfield code="a">STATISTICAL DATA</subfield>
    <subfield code="2">unbist</subfield>
    <subfield code="0">(DHLAUTH)270233</subfield>
  </datafield>
  <datafield tag="700" ind1="1" ind2=" ">
    <subfield code="a">Gamba, Virginia</subfield>
    <subfield code="0">(DHLAUTH)171559</subfield>
  </datafield>
  <datafield tag="700" ind1="1" ind2=" ">
    <subfield code="a">Potgieter, Jakkie.</subfield>
    <subfield code="0">(DHLAUTH)458279</subfield>
  </datafield>
  <datafield tag="700" ind1="1" ind2=" ">
    <subfield code="a">Tiihonen, Ilkka</subfield>
    <subfield code="0">(DHLAUTH)521531</subfield>
  </datafield>
  <datafield tag="700" ind1="1" ind2=" ">
    <subfield code="a">Carrai, Barbara</subfield>
    <subfield code="0">(DHLAUTH)521532</subfield>
  </datafield>
  <datafield tag="700" ind1="1" ind2=" ">
    <subfield code="a">Querner, Claudia</subfield>
    <subfield code="0">(DHLAUTH)521533</subfield>
  </datafield>
  <datafield tag="700" ind1="1" ind2=" ">
    <subfield code="a">Tulliu, Steve</subfield>
    <subfield code="0">(DHLAUTH)521534</subfield>
  </datafield>
  <datafield tag="710" ind1="2" ind2=" ">
    <subfield code="a">UN Institute for Disarmament Research</subfield>
    <subfield code="0">(DHLAUTH)27248</subfield>
  </datafield>
  <datafield tag="710" ind1="2" ind2=" ">
    <subfield code="a">UN Institute for Disarmament Research. Disarmament and Conflict Resolution Project</subfield>
    <subfield code="0">(DHLAUTH)458133</subfield>
  </datafield>
  <datafield tag="930" ind1=" " ind2=" ">
    <subfield code="a">UNDJL97</subfield>
  </datafield>
  <datafield tag="930" ind1=" " ind2=" ">
    <subfield code="a">UDIQ498</subfield>
  </datafield>
  <datafield tag="930" ind1=" " ind2=" ">
    <subfield code="a">UPDQ499</subfield>
  </datafield>
  <datafield tag="930" ind1=" " ind2=" ">
    <subfield code="a">PBP</subfield>
  </datafield>
  <datafield tag="949" ind1=" " ind2=" ">
    <subfield code="9">UNIDIR/98/4</subfield>
    <subfield code="b">11949001027072</subfield>
    <subfield code="i">551212</subfield>
    <subfield code="k">unfs</subfield>
    <subfield code="c">c. 1</subfield>
    <subfield code="l">DHL</subfield>
    <subfield code="z">i</subfield>
    <subfield code="m">vcirc</subfield>
    <subfield code="d">19980728000000</subfield>
  </datafield>
  <datafield tag="949" ind1=" " ind2=" ">
    <subfield code="9">UNIDIR/98/4</subfield>
    <subfield code="b">627746.1.1</subfield>
    <subfield code="i">627746</subfield>
    <subfield code="k">unes</subfield>
    <subfield code="c">c. 1</subfield>
    <subfield code="l">DHL</subfield>
    <subfield code="z">t</subfield>
    <subfield code="m">vcirc</subfield>
    <subfield code="d">19990421000000</subfield>
  </datafield>
  <datafield tag="949" ind1=" " ind2=" ">
    <subfield code="9">UNIDIR/98/4</subfield>
    <subfield code="b">4453262</subfield>
    <subfield code="i">647260</subfield>
    <subfield code="k">unes</subfield>
    <subfield code="c">c. 2</subfield>
    <subfield code="l">DHL</subfield>
    <subfield code="z">t</subfield>
    <subfield code="m">14day</subfield>
    <subfield code="d">19990617000000</subfield>
  </datafield>
  <datafield tag="980" ind1=" " ind2=" ">
    <subfield code="a">BIB</subfield>
  </datafield>
  <datafield tag="981" ind1=" " ind2=" ">
    <subfield code="a">Research and Training Institutions</subfield>
    <subfield code="b">Institute for Disarmament Research (UNIDIR)</subfield>
  </datafield>
  <datafield tag="989" ind1=" " ind2=" ">
    <subfield code="a">Documents and Publications</subfield>
    <subfield code="b">Publications</subfield>
  </datafield>
  <datafield tag="998" ind1=" " ind2=" ">
    <subfield code="a">19980728000000</subfield>
    <subfield code="b">cat</subfield>
    <subfield code="c">20210527145600</subfield>
    <subfield code="d">mocat</subfield>
    <subfield code="x">0x00010000c388dd5d</subfield>
    <subfield code="z">20210528104049</subfield>
  </datafield>
  <datafield tag="999" ind1=" " ind2=" ">
    <subfield code="a">SF</subfield>
    <subfield code="b">19981116</subfield>
    <subfield code="c">R</subfield>
  </datafield>
  <datafield tag="999" ind1=" " ind2=" ">
    <subfield code="a">tt</subfield>
    <subfield code="b">19981112</subfield>
    <subfield code="c">c</subfield>
  </datafield>
  <datafield tag="999" ind1=" " ind2=" ">
    <subfield code="a">ti</subfield>
    <subfield code="b">19981111</subfield>
    <subfield code="c">m</subfield>
  </datafield>
  <datafield tag="999" ind1=" " ind2=" ">
    <subfield code="a">yc</subfield>
    <subfield code="b">19980728</subfield>
    <subfield code="c">q</subfield>
  </datafield>
</record>