
<record>
  <controlfield tag="000">00433nam a2200205#a 4500</controlfield>
  <controlfield tag="001">576503</controlfield>
  <controlfield tag="005">20210712165535.0</controlfield>
  <controlfield tag="008">060608s2006    usa    #r     00010 eng d</controlfield>
  <datafield tag="029" ind1=" " ind2=" ">
    <subfield code="a">JN</subfield>
    <subfield code="b">N0634798 E</subfield>
  </datafield>
  <datafield tag="035" ind1=" " ind2=" ">
    <subfield code="a">D806937X</subfield>
    <subfield code="z">D0333205</subfield>
  </datafield>
  <datafield tag="035" ind1=" " ind2=" ">
    <subfield code="a">(DHL)806937</subfield>
  </datafield>
  <datafield tag="039" ind1=" " ind2=" ">
    <subfield code="a">DHU</subfield>
  </datafield>
  <datafield tag="040" ind1=" " ind2=" ">
    <subfield code="a">NNUN</subfield>
    <subfield code="b">eng</subfield>
  </datafield>
  <datafield tag="041" ind1="0" ind2=" ">
    <subfield code="a">arachiengfrerusspa</subfield>
  </datafield>
  <datafield tag="049" ind1=" " ind2=" ">
    <subfield code="a">usa</subfield>
  </datafield>
  <datafield tag="089" ind1=" " ind2=" ">
    <subfield code="b">B15</subfield>
  </datafield>
  <datafield tag="089" ind1=" " ind2=" ">
    <subfield code="b">B16</subfield>
  </datafield>
  <datafield tag="091" ind1=" " ind2=" ">
    <subfield code="a">GEN</subfield>
  </datafield>
  <datafield tag="099" ind1=" " ind2=" ">
    <subfield code="a">UNH</subfield>
    <subfield code="b">DHU</subfield>
  </datafield>
  <datafield tag="191" ind1=" " ind2=" ">
    <subfield code="a">E/2006/65</subfield>
    <subfield code="b">E/</subfield>
    <subfield code="c">2006-S</subfield>
    <subfield code="9">C00</subfield>
    <subfield code="f">1.0982</subfield>
    <subfield code="q">E200665</subfield>
    <subfield code="r">E2006S</subfield>
    <subfield code="0">(DHLAUTH)700928</subfield>
  </datafield>
  <datafield tag="245" ind1="1" ind2="0">
    <subfield code="a">Follow-up to the 4th World Conference on Women and progress made in the implementation of the Beijing Declaration and Platform for Action and the outcome of the 23rd special session of the General Assembly :</subfield>
    <subfield code="b">report of the Secretary-General</subfield>
  </datafield>
  <datafield tag="260" ind1=" " ind2=" ">
    <subfield code="a">[New York] :</subfield>
    <subfield code="b">UN,</subfield>
    <subfield code="c">12 May 2006</subfield>
  </datafield>
  <datafield tag="269" ind1=" " ind2=" ">
    <subfield code="a">2006-05-12</subfield>
  </datafield>
  <datafield tag="300" ind1=" " ind2=" ">
    <subfield code="a">20 p.</subfield>
  </datafield>
  <datafield tag="500" ind1=" " ind2=" ">
    <subfield code="a">Submitted pursuant to Economic and Social Council resolution 2005/31 and General Assembly resolution 60/140.</subfield>
  </datafield>
  <datafield tag="500" ind1=" " ind2=" ">
    <subfield code="a">Includes notes.</subfield>
  </datafield>
  <datafield tag="610" ind1="2" ind2="7">
    <subfield code="a">UN System</subfield>
    <subfield code="2">unbisn</subfield>
    <subfield code="0">(DHLAUTH)13838</subfield>
  </datafield>
  <datafield tag="610" ind1="2" ind2="4">
    <subfield code="a">Inter-Agency Network on Women and Gender Equality</subfield>
    <subfield code="0">(DHLAUTH)625692</subfield>
  </datafield>
  <datafield tag="630" ind1="7" ind2=" ">
    <subfield code="a">Convention on the Elimination of All Forms of Discrimination against Women (1979)</subfield>
    <subfield code="2">unbisn</subfield>
    <subfield code="0">(DHLAUTH)34473</subfield>
  </datafield>
  <datafield tag="650" ind1="1" ind2="7">
    <subfield code="a">GENDER MAINSTREAMING</subfield>
    <subfield code="2">unbist</subfield>
    <subfield code="0">(DHLAUTH)493524</subfield>
  </datafield>
  <datafield tag="650" ind1="1" ind2="7">
    <subfield code="a">GENDER EQUALITY</subfield>
    <subfield code="2">unbist</subfield>
    <subfield code="0">(DHLAUTH)441178</subfield>
  </datafield>
  <datafield tag="650" ind1="1" ind2="7">
    <subfield code="a">CAPACITY BUILDING</subfield>
    <subfield code="2">unbist</subfield>
    <subfield code="0">(DHLAUTH)276636</subfield>
  </datafield>
  <datafield tag="650" ind1="1" ind2="7">
    <subfield code="a">TRAINING PROGRAMMES</subfield>
    <subfield code="2">unbist</subfield>
    <subfield code="0">(DHLAUTH)274026</subfield>
  </datafield>
  <datafield tag="650" ind1="2" ind2="7">
    <subfield code="a">PROGRAMME EVALUATION</subfield>
    <subfield code="2">unbist</subfield>
    <subfield code="0">(DHLAUTH)269962</subfield>
  </datafield>
  <datafield tag="650" ind1="2" ind2="7">
    <subfield code="a">COORDINATION WITHIN UN SYSTEM</subfield>
    <subfield code="2">unbist</subfield>
    <subfield code="0">(DHLAUTH)268575</subfield>
  </datafield>
  <datafield tag="650" ind1="2" ind2="7">
    <subfield code="a">INTER-AGENCY COOPERATION</subfield>
    <subfield code="2">unbist</subfield>
    <subfield code="0">(DHLAUTH)268578</subfield>
  </datafield>
  <datafield tag="650" ind1="2" ind2="7">
    <subfield code="a">WOMEN MANAGERS</subfield>
    <subfield code="2">unbist</subfield>
    <subfield code="0">(DHLAUTH)272023</subfield>
  </datafield>
  <datafield tag="650" ind1="2" ind2="7">
    <subfield code="a">FIELD STAFF</subfield>
    <subfield code="2">unbist</subfield>
    <subfield code="0">(DHLAUTH)268633</subfield>
  </datafield>
  <datafield tag="650" ind1="2" ind2="7">
    <subfield code="a">FOCAL POINTS</subfield>
    <subfield code="2">unbist</subfield>
    <subfield code="0">(DHLAUTH)269994</subfield>
  </datafield>
  <datafield tag="650" ind1="2" ind2="7">
    <subfield code="a">PEACEKEEPING OPERATIONS</subfield>
    <subfield code="2">unbist</subfield>
    <subfield code="0">(DHLAUTH)474428</subfield>
  </datafield>
  <datafield tag="650" ind1="2" ind2="7">
    <subfield code="a">RELIEF PERSONNEL</subfield>
    <subfield code="2">unbist</subfield>
    <subfield code="0">(DHLAUTH)276631</subfield>
  </datafield>
  <datafield tag="650" ind1="2" ind2="7">
    <subfield code="a">INTERNET</subfield>
    <subfield code="2">unbist</subfield>
    <subfield code="0">(DHLAUTH)438931</subfield>
  </datafield>
  <datafield tag="650" ind1="2" ind2="7">
    <subfield code="a">INSTITUTION BUILDING</subfield>
    <subfield code="2">unbist</subfield>
    <subfield code="0">(DHLAUTH)269946</subfield>
  </datafield>
  <datafield tag="650" ind1="2" ind2="7">
    <subfield code="a">TEACHER TRAINING</subfield>
    <subfield code="2">unbist</subfield>
    <subfield code="0">(DHLAUTH)271974</subfield>
  </datafield>
  <datafield tag="710" ind1="2" ind2=" ">
    <subfield code="a">UN. Secretary-General</subfield>
    <subfield code="0">(DHLAUTH)10663</subfield>
  </datafield>
  <datafield tag="856" ind1="4" ind2=" ">
    <subfield code="y">العربية</subfield>
    <subfield code="9">61017693-c006-4719-bf85-b969853c3a6f</subfield>
    <subfield code="s">270809</subfield>
    <subfield code="u">https://digitallibrary.un.org/record/576503/files/E_2006_65-AR.pdf</subfield>
  </datafield>
  <datafield tag="856" ind1="4" ind2=" ">
    <subfield code="y">English</subfield>
    <subfield code="9">8d446cef-f227-4608-897b-4dd9a8bddde5</subfield>
    <subfield code="s">103153</subfield>
    <subfield code="u">https://digitallibrary.un.org/record/576503/files/E_2006_65-EN.pdf</subfield>
  </datafield>
  <datafield tag="856" ind1="4" ind2=" ">
    <subfield code="y">Español</subfield>
    <subfield code="9">7569bcc2-7995-40ea-9ad2-ce5a81f0be47</subfield>
    <subfield code="s">122749</subfield>
    <subfield code="u">https://digitallibrary.un.org/record/576503/files/E_2006_65-ES.pdf</subfield>
  </datafield>
  <datafield tag="856" ind1="4" ind2=" ">
    <subfield code="y">Français</subfield>
    <subfield code="9">e0469ae1-d69b-4071-b45a-675de4890015</subfield>
    <subfield code="s">130136</subfield>
    <subfield code="u">https://digitallibrary.un.org/record/576503/files/E_2006_65-FR.pdf</subfield>
  </datafield>
  <datafield tag="856" ind1="4" ind2=" ">
    <subfield code="y">Русский</subfield>
    <subfield code="9">35fc95cc-679d-45a5-a0a5-dbc668826342</subfield>
    <subfield code="s">407079</subfield>
    <subfield code="u">https://digitallibrary.un.org/record/576503/files/E_2006_65-RU.pdf</subfield>
  </datafield>
  <datafield tag="856" ind1="4" ind2=" ">
    <subfield code="y">中文</subfield>
    <subfield code="9">55cec7ca-ade6-400a-b1d7-f0aac1defbf2</subfield>
    <subfield code="s">326576</subfield>
    <subfield code="u">https://digitallibrary.un.org/record/576503/files/E_2006_65-ZH.pdf</subfield>
  </datafield>
  <datafield tag="930" ind1=" " ind2=" ">
    <subfield code="a">UNDJU06</subfield>
  </datafield>
  <datafield tag="930" ind1=" " ind2=" ">
    <subfield code="a">UDIQ106</subfield>
    <subfield code="b">1.0982</subfield>
  </datafield>
  <datafield tag="949" ind1=" " ind2=" ">
    <subfield code="9">E/2006/65</subfield>
    <subfield code="b">10000008069371</subfield>
    <subfield code="i">1393001</subfield>
    <subfield code="k">unes</subfield>
    <subfield code="c">c. 1</subfield>
    <subfield code="l">DHL</subfield>
    <subfield code="z">t</subfield>
    <subfield code="m">14day</subfield>
    <subfield code="d">20060608000000</subfield>
  </datafield>
  <datafield tag="949" ind1=" " ind2=" ">
    <subfield code="9">E/2006/65</subfield>
    <subfield code="b">1393006.5.1</subfield>
    <subfield code="i">1393006</subfield>
    <subfield code="k">unss</subfield>
    <subfield code="c">c. 1</subfield>
    <subfield code="l">DHL</subfield>
    <subfield code="z">t</subfield>
    <subfield code="m">14day</subfield>
    <subfield code="d">20060608000000</subfield>
  </datafield>
  <datafield tag="949" ind1=" " ind2=" ">
    <subfield code="9">E/2006/65</subfield>
    <subfield code="b">1393005.4.1</subfield>
    <subfield code="i">1393005</subfield>
    <subfield code="k">unrs</subfield>
    <subfield code="c">c. 1</subfield>
    <subfield code="l">DHL</subfield>
    <subfield code="z">t</subfield>
    <subfield code="m">14day</subfield>
    <subfield code="d">20060608000000</subfield>
  </datafield>
  <datafield tag="949" ind1=" " ind2=" ">
    <subfield code="9">E/2006/65</subfield>
    <subfield code="b">1393003.2.1</subfield>
    <subfield code="i">1393003</subfield>
    <subfield code="k">uncs</subfield>
    <subfield code="c">c. 1</subfield>
    <subfield code="l">DHL</subfield>
    <subfield code="z">t</subfield>
    <subfield code="m">14day</subfield>
    <subfield code="d">20060608000000</subfield>
  </datafield>
  <datafield tag="949" ind1=" " ind2=" ">
    <subfield code="9">E/2006/65</subfield>
    <subfield code="b">1393002.1.1</subfield>
    <subfield code="i">1393002</subfield>
    <subfield code="k">unas</subfield>
    <subfield code="c">c. 1</subfield>
    <subfield code="l">DHL</subfield>
    <subfield code="z">t</subfield>
    <subfield code="m">14day</subfield>
    <subfield code="d">20060608000000</subfield>
  </datafield>
  <datafield tag="949" ind1=" " ind2=" ">
    <subfield code="9">E/2006/65</subfield>
    <subfield code="b">1393004.3.1</subfield>
    <subfield code="i">1393004</subfield>
    <subfield code="k">unfs</subfield>
    <subfield code="c">c. 1</subfield>
    <subfield code="l">DHL</subfield>
    <subfield code="z">t</subfield>
    <subfield code="m">14day</subfield>
    <subfield code="d">20060608000000</subfield>
  </datafield>
  <datafield tag="980" ind1=" " ind2=" ">
    <subfield code="a">BIB</subfield>
  </datafield>
  <datafield tag="981" ind1=" " ind2=" ">
    <subfield code="a">Economic and Social Council</subfield>
  </datafield>
  <datafield tag="989" ind1=" " ind2=" ">
    <subfield code="a">Documents and Publications</subfield>
    <subfield code="b">Reports</subfield>
    <subfield code="c">Secretary-General's Reports</subfield>
  </datafield>
  <datafield tag="991" ind1="2" ind2=" ">
    <subfield code="a">E/2006/100</subfield>
    <subfield code="b">7e</subfield>
    <subfield code="c">Mainstreaming a gender perspective into all policies and programmes in the United Nations System.</subfield>
    <subfield code="d">GENDER MAINSTREAMING--UN SYSTEM</subfield>
    <subfield code="z">I0190186</subfield>
    <subfield code="0">(DHLAUTH)706903</subfield>
  </datafield>
  <datafield tag="991" ind1="2" ind2=" ">
    <subfield code="a">E/2006/100</subfield>
    <subfield code="b">14a</subfield>
    <subfield code="c">Advancement of women.</subfield>
    <subfield code="d">WOMEN'S ADVANCEMENT</subfield>
    <subfield code="z">I0190186</subfield>
    <subfield code="0">(DHLAUTH)706934</subfield>
  </datafield>
  <datafield tag="998" ind1=" " ind2=" ">
    <subfield code="a">20060608095600</subfield>
    <subfield code="b">ia25</subfield>
    <subfield code="c">20210712081600</subfield>
    <subfield code="d">sh35cat</subfield>
    <subfield code="x">0x00010000c3cabebd</subfield>
    <subfield code="z">20210712122310</subfield>
  </datafield>
  <datafield tag="999" ind1=" " ind2=" ">
    <subfield code="a">ttt20060608</subfield>
    <subfield code="b">20060608</subfield>
    <subfield code="c">t</subfield>
  </datafield>
  <datafield tag="999" ind1=" " ind2=" ">
    <subfield code="a">iaq20060608</subfield>
    <subfield code="b">20060608</subfield>
    <subfield code="c">q</subfield>
  </datafield>
  <datafield tag="999" ind1=" " ind2=" ">
    <subfield code="a">yllc20060608</subfield>
    <subfield code="b">20060608</subfield>
    <subfield code="c">c</subfield>
  </datafield>
  <datafield tag="999" ind1=" " ind2=" ">
    <subfield code="a">TAr20060608</subfield>
    <subfield code="b">20060608</subfield>
    <subfield code="c">r</subfield>
  </datafield>
</record>