
<record>
  <controlfield tag="000">04905cam a2200913#a 450|</controlfield>
  <controlfield tag="001">509226</controlfield>
  <controlfield tag="005">20220622162252.0</controlfield>
  <controlfield tag="008">031223c2003    usa     r     00010 eng d</controlfield>
  <datafield tag="029" ind1=" " ind2=" ">
    <subfield code="a">JN</subfield>
    <subfield code="b">N0350322 E</subfield>
  </datafield>
  <datafield tag="035" ind1=" " ind2=" ">
    <subfield code="a">D727192X</subfield>
    <subfield code="z">D0300627</subfield>
  </datafield>
  <datafield tag="035" ind1=" " ind2=" ">
    <subfield code="a">(DHL)727192</subfield>
  </datafield>
  <datafield tag="039" ind1=" " ind2=" ">
    <subfield code="a">DHU</subfield>
  </datafield>
  <datafield tag="040" ind1=" " ind2=" ">
    <subfield code="a">NNUN</subfield>
    <subfield code="b">eng</subfield>
  </datafield>
  <datafield tag="041" ind1="0" ind2=" ">
    <subfield code="a">arachiengfrerusspa</subfield>
  </datafield>
  <datafield tag="049" ind1=" " ind2=" ">
    <subfield code="a">USA</subfield>
  </datafield>
  <datafield tag="089" ind1=" " ind2=" ">
    <subfield code="b">B01</subfield>
  </datafield>
  <datafield tag="091" ind1=" " ind2=" ">
    <subfield code="a">GEN</subfield>
  </datafield>
  <datafield tag="099" ind1=" " ind2=" ">
    <subfield code="a">UNH</subfield>
    <subfield code="b">DHU</subfield>
  </datafield>
  <datafield tag="191" ind1=" " ind2=" ">
    <subfield code="a">A/RES/58/144</subfield>
    <subfield code="b">A/</subfield>
    <subfield code="c">58</subfield>
    <subfield code="9">G99</subfield>
    <subfield code="f">3.1253</subfield>
    <subfield code="q">ARES58144</subfield>
    <subfield code="r">A58</subfield>
    <subfield code="0">(DHLAUTH)636949</subfield>
  </datafield>
  <datafield tag="245" ind1="1" ind2="0">
    <subfield code="a">Improvement of the status of women in the United Nations System :</subfield>
    <subfield code="b">resolution /</subfield>
    <subfield code="c">adopted by the General Assembly</subfield>
  </datafield>
  <datafield tag="260" ind1=" " ind2=" ">
    <subfield code="a">[New York] :</subfield>
    <subfield code="b">UN,</subfield>
    <subfield code="c">19 Feb. 2004</subfield>
  </datafield>
  <datafield tag="269" ind1=" " ind2=" ">
    <subfield code="a">2004-02-19</subfield>
  </datafield>
  <datafield tag="300" ind1=" " ind2=" ">
    <subfield code="a">6 p.</subfield>
  </datafield>
  <datafield tag="500" ind1=" " ind2=" ">
    <subfield code="a">Issued in GAOR, 58th sess., Suppl. no. 49.</subfield>
  </datafield>
  <datafield tag="610" ind1="2" ind2="4">
    <subfield code="a">UN System</subfield>
    <subfield code="g">Personnel questions</subfield>
    <subfield code="0">(DHLAUTH)298757</subfield>
  </datafield>
  <datafield tag="610" ind1="2" ind2="7">
    <subfield code="a">UN. Secretary-General</subfield>
    <subfield code="2">unbisn</subfield>
    <subfield code="0">(DHLAUTH)10663</subfield>
  </datafield>
  <datafield tag="610" ind1="2" ind2="7">
    <subfield code="a">UN. Special Adviser to the Secretary-General on Gender Issues and Advancement of Women</subfield>
    <subfield code="2">unbisn</subfield>
    <subfield code="0">(DHLAUTH)478208</subfield>
  </datafield>
  <datafield tag="610" ind1="2" ind2="7">
    <subfield code="a">UN. Office of Human Resources Management</subfield>
    <subfield code="2">unbisn</subfield>
    <subfield code="0">(DHLAUTH)53541</subfield>
  </datafield>
  <datafield tag="610" ind1="2" ind2="4">
    <subfield code="a">UN. Department of Management. Office of the Under-Secretary-General</subfield>
    <subfield code="0">(DHLAUTH)534853</subfield>
  </datafield>
  <datafield tag="610" ind1="2" ind2="7">
    <subfield code="a">UN. Department of Peacekeeping Operations</subfield>
    <subfield code="2">unbisn</subfield>
    <subfield code="0">(DHLAUTH)54500</subfield>
  </datafield>
  <datafield tag="610" ind1="2" ind2="7">
    <subfield code="a">UN. General Assembly (23rd special sess. : 2000)</subfield>
    <subfield code="2">unbisn</subfield>
    <subfield code="0">(DHLAUTH)527685</subfield>
  </datafield>
  <datafield tag="630" ind1="0" ind2="7">
    <subfield code="a">Beijing Declaration of the Fourth World Conference on Women (1995)</subfield>
    <subfield code="2">unbisn</subfield>
    <subfield code="0">(DHLAUTH)288149</subfield>
  </datafield>
  <datafield tag="630" ind1="0" ind2="7">
    <subfield code="a">Platform for Action of the Fourth World Conference on Women (1995)</subfield>
    <subfield code="2">unbisn</subfield>
    <subfield code="0">(DHLAUTH)288145</subfield>
  </datafield>
  <datafield tag="650" ind1="1" ind2="7">
    <subfield code="a">WOMEN'S ADVANCEMENT</subfield>
    <subfield code="2">unbist</subfield>
    <subfield code="0">(DHLAUTH)273158</subfield>
  </datafield>
  <datafield tag="650" ind1="1" ind2="7">
    <subfield code="a">WOMEN'S STATUS</subfield>
    <subfield code="2">unbist</subfield>
    <subfield code="0">(DHLAUTH)269378</subfield>
  </datafield>
  <datafield tag="650" ind1="1" ind2="7">
    <subfield code="a">EQUAL OPPORTUNITY</subfield>
    <subfield code="2">unbist</subfield>
    <subfield code="0">(DHLAUTH)274193</subfield>
  </datafield>
  <datafield tag="650" ind1="1" ind2="7">
    <subfield code="a">GENDER EQUALITY</subfield>
    <subfield code="2">unbist</subfield>
    <subfield code="0">(DHLAUTH)441178</subfield>
  </datafield>
  <datafield tag="650" ind1="1" ind2="7">
    <subfield code="a">RECRUITMENT</subfield>
    <subfield code="2">unbist</subfield>
    <subfield code="0">(DHLAUTH)272038</subfield>
  </datafield>
  <datafield tag="650" ind1="2" ind2="7">
    <subfield code="a">GEOGRAPHICAL DISTRIBUTION</subfield>
    <subfield code="2">unbist</subfield>
    <subfield code="0">(DHLAUTH)275774</subfield>
  </datafield>
  <datafield tag="650" ind1="2" ind2="7">
    <subfield code="a">PROFESSIONAL STAFF</subfield>
    <subfield code="2">unbist</subfield>
    <subfield code="0">(DHLAUTH)268637</subfield>
  </datafield>
  <datafield tag="650" ind1="2" ind2="7">
    <subfield code="a">HUMAN RESOURCES</subfield>
    <subfield code="2">unbist</subfield>
    <subfield code="0">(DHLAUTH)270571</subfield>
  </datafield>
  <datafield tag="650" ind1="2" ind2="7">
    <subfield code="a">PERSONNEL MANAGEMENT</subfield>
    <subfield code="2">unbist</subfield>
    <subfield code="0">(DHLAUTH)270006</subfield>
  </datafield>
  <datafield tag="650" ind1="2" ind2="7">
    <subfield code="a">INFORMATION EXCHANGE</subfield>
    <subfield code="2">unbist</subfield>
    <subfield code="0">(DHLAUTH)275144</subfield>
  </datafield>
  <datafield tag="650" ind1="2" ind2="7">
    <subfield code="a">VACANCY MANAGEMENT</subfield>
    <subfield code="2">unbist</subfield>
    <subfield code="0">(DHLAUTH)274196</subfield>
  </datafield>
  <datafield tag="650" ind1="2" ind2="7">
    <subfield code="a">FOCAL POINTS</subfield>
    <subfield code="2">unbist</subfield>
    <subfield code="0">(DHLAUTH)269994</subfield>
  </datafield>
  <datafield tag="650" ind1="2" ind2="7">
    <subfield code="a">TRAINING PROGRAMMES</subfield>
    <subfield code="2">unbist</subfield>
    <subfield code="0">(DHLAUTH)274026</subfield>
  </datafield>
  <datafield tag="650" ind1="2" ind2="7">
    <subfield code="a">GENDER MAINSTREAMING</subfield>
    <subfield code="2">unbist</subfield>
    <subfield code="0">(DHLAUTH)493524</subfield>
  </datafield>
  <datafield tag="650" ind1="2" ind2="7">
    <subfield code="a">EMPLOYMENT</subfield>
    <subfield code="2">unbist</subfield>
    <subfield code="0">(DHLAUTH)269797</subfield>
  </datafield>
  <datafield tag="650" ind1="2" ind2="7">
    <subfield code="a">INFORMATION DISSEMINATION</subfield>
    <subfield code="2">unbist</subfield>
    <subfield code="0">(DHLAUTH)275051</subfield>
  </datafield>
  <datafield tag="650" ind1="2" ind2="7">
    <subfield code="a">CONSULTATIONS</subfield>
    <subfield code="2">unbist</subfield>
    <subfield code="0">(DHLAUTH)268747</subfield>
  </datafield>
  <datafield tag="650" ind1="2" ind2="7">
    <subfield code="a">WORKING CONDITIONS</subfield>
    <subfield code="2">unbist</subfield>
    <subfield code="0">(DHLAUTH)272403</subfield>
  </datafield>
  <datafield tag="650" ind1="2" ind2="7">
    <subfield code="a">SEXUAL HARASSMENT</subfield>
    <subfield code="2">unbist</subfield>
    <subfield code="0">(DHLAUTH)274443</subfield>
  </datafield>
  <datafield tag="650" ind1="2" ind2="7">
    <subfield code="a">GUIDELINES</subfield>
    <subfield code="2">unbist</subfield>
    <subfield code="0">(DHLAUTH)275775</subfield>
  </datafield>
  <datafield tag="650" ind1="2" ind2="7">
    <subfield code="a">PEACEKEEPING OPERATIONS</subfield>
    <subfield code="2">unbist</subfield>
    <subfield code="0">(DHLAUTH)474428</subfield>
  </datafield>
  <datafield tag="650" ind1="2" ind2="7">
    <subfield code="a">SPECIAL REPRESENTATIVES</subfield>
    <subfield code="2">unbist</subfield>
    <subfield code="0">(DHLAUTH)548003</subfield>
  </datafield>
  <datafield tag="650" ind1="2" ind2="7">
    <subfield code="a">CAREER DEVELOPMENT</subfield>
    <subfield code="2">unbist</subfield>
    <subfield code="0">(DHLAUTH)274239</subfield>
  </datafield>
  <datafield tag="650" ind1="2" ind2="7">
    <subfield code="a">OCCUPATIONAL MOBILITY</subfield>
    <subfield code="2">unbist</subfield>
    <subfield code="0">(DHLAUTH)274205</subfield>
  </datafield>
  <datafield tag="650" ind1="2" ind2="7">
    <subfield code="a">POLICE</subfield>
    <subfield code="2">unbist</subfield>
    <subfield code="0">(DHLAUTH)270025</subfield>
  </datafield>
  <datafield tag="650" ind1="2" ind2="7">
    <subfield code="a">INTERGOVERNMENTAL ORGANIZATIONS</subfield>
    <subfield code="2">unbist</subfield>
    <subfield code="0">(DHLAUTH)268641</subfield>
  </datafield>
  <datafield tag="650" ind1="2" ind2="7">
    <subfield code="a">INTERNATIONAL COURTS</subfield>
    <subfield code="2">unbist</subfield>
    <subfield code="0">(DHLAUTH)268742</subfield>
  </datafield>
  <datafield tag="650" ind1="2" ind2="7">
    <subfield code="a">SPOUSE EMPLOYMENT</subfield>
    <subfield code="2">unbist</subfield>
    <subfield code="0">(DHLAUTH)268645</subfield>
  </datafield>
  <datafield tag="650" ind1="2" ind2="7">
    <subfield code="a">DATA COLLECTION</subfield>
    <subfield code="2">unbist</subfield>
    <subfield code="0">(DHLAUTH)270174</subfield>
  </datafield>
  <datafield tag="710" ind1="2" ind2=" ">
    <subfield code="a">UN. General Assembly (58th sess. : 2003-2004)</subfield>
    <subfield code="0">(DHLAUTH)527152</subfield>
  </datafield>
  <datafield tag="793" ind1=" " ind2=" ">
    <subfield code="a">PL</subfield>
  </datafield>
  <datafield tag="856" ind1="4" ind2=" ">
    <subfield code="y">العربية</subfield>
    <subfield code="9">a1a95775-5e90-450c-9033-769ddcb9df65</subfield>
    <subfield code="s">136030</subfield>
    <subfield code="u">https://digitallibrary.un.org/record/509226/files/A_RES_58_144-AR.pdf</subfield>
  </datafield>
  <datafield tag="856" ind1="4" ind2=" ">
    <subfield code="y">Deutsch</subfield>
    <subfield code="9">c5af8f0e-db58-4b65-8dc0-74c0d19bd31e</subfield>
    <subfield code="s">51514</subfield>
    <subfield code="u">https://digitallibrary.un.org/record/509226/files/A_RES_58_144-DE.pdf</subfield>
  </datafield>
  <datafield tag="856" ind1="4" ind2=" ">
    <subfield code="y">English</subfield>
    <subfield code="9">d3b5f50c-5d12-4bc9-88e5-8026bfcbb899</subfield>
    <subfield code="s">45462</subfield>
    <subfield code="u">https://digitallibrary.un.org/record/509226/files/A_RES_58_144-EN.pdf</subfield>
  </datafield>
  <datafield tag="856" ind1="4" ind2=" ">
    <subfield code="y">Español</subfield>
    <subfield code="9">2c2dcf11-b556-4086-aba0-7589bba0a583</subfield>
    <subfield code="s">132077</subfield>
    <subfield code="u">https://digitallibrary.un.org/record/509226/files/A_RES_58_144-ES.pdf</subfield>
  </datafield>
  <datafield tag="856" ind1="4" ind2=" ">
    <subfield code="y">Français</subfield>
    <subfield code="9">adec570e-fcf2-4bae-a004-7036cdea36a8</subfield>
    <subfield code="s">58008</subfield>
    <subfield code="u">https://digitallibrary.un.org/record/509226/files/A_RES_58_144-FR.pdf</subfield>
  </datafield>
  <datafield tag="856" ind1="4" ind2=" ">
    <subfield code="y">Русский</subfield>
    <subfield code="9">5569a415-e121-4057-bb69-4b4fd6e78782</subfield>
    <subfield code="s">227127</subfield>
    <subfield code="u">https://digitallibrary.un.org/record/509226/files/A_RES_58_144-RU.pdf</subfield>
  </datafield>
  <datafield tag="856" ind1="4" ind2=" ">
    <subfield code="y">中文</subfield>
    <subfield code="9">0bf6f06a-0b8d-4d42-ab34-c5111d977c86</subfield>
    <subfield code="s">262623</subfield>
    <subfield code="u">https://digitallibrary.un.org/record/509226/files/A_RES_58_144-ZH.pdf</subfield>
  </datafield>
  <datafield tag="930" ind1=" " ind2=" ">
    <subfield code="a">UNDDE03</subfield>
  </datafield>
  <datafield tag="930" ind1=" " ind2=" ">
    <subfield code="a">UDIQ303</subfield>
    <subfield code="b">3.1253</subfield>
  </datafield>
  <datafield tag="949" ind1=" " ind2=" ">
    <subfield code="9">A/RES/58/144</subfield>
    <subfield code="b">1201516.4.1</subfield>
    <subfield code="i">1201516</subfield>
    <subfield code="k">unrs</subfield>
    <subfield code="c">c. 1</subfield>
    <subfield code="l">DHL</subfield>
    <subfield code="z">t</subfield>
    <subfield code="m">14day</subfield>
    <subfield code="d">20040310190000</subfield>
  </datafield>
  <datafield tag="949" ind1=" " ind2=" ">
    <subfield code="9">A/RES/58/144</subfield>
    <subfield code="b">1201517.5.1</subfield>
    <subfield code="i">1201517</subfield>
    <subfield code="k">unss</subfield>
    <subfield code="c">c. 1</subfield>
    <subfield code="l">DHL</subfield>
    <subfield code="z">t</subfield>
    <subfield code="m">14day</subfield>
    <subfield code="d">20040310190000</subfield>
  </datafield>
  <datafield tag="949" ind1=" " ind2=" ">
    <subfield code="9">A/RES/58/144</subfield>
    <subfield code="b">7271921</subfield>
    <subfield code="i">1201506</subfield>
    <subfield code="k">unas</subfield>
    <subfield code="c">c. 1</subfield>
    <subfield code="l">DHL</subfield>
    <subfield code="z">t</subfield>
    <subfield code="m">14day</subfield>
    <subfield code="d">20040310190000</subfield>
  </datafield>
  <datafield tag="949" ind1=" " ind2=" ">
    <subfield code="9">A/RES/58/144</subfield>
    <subfield code="b">1201514.2.1</subfield>
    <subfield code="i">1201514</subfield>
    <subfield code="k">unes</subfield>
    <subfield code="c">c. 1</subfield>
    <subfield code="l">DHL</subfield>
    <subfield code="z">t</subfield>
    <subfield code="m">14day</subfield>
    <subfield code="d">20040310190000</subfield>
  </datafield>
  <datafield tag="949" ind1=" " ind2=" ">
    <subfield code="9">A/RES/58/144</subfield>
    <subfield code="b">1201515.3.1</subfield>
    <subfield code="i">1201515</subfield>
    <subfield code="k">unfs</subfield>
    <subfield code="c">c. 1</subfield>
    <subfield code="l">DHL</subfield>
    <subfield code="z">t</subfield>
    <subfield code="m">14day</subfield>
    <subfield code="d">20040310190000</subfield>
  </datafield>
  <datafield tag="949" ind1=" " ind2=" ">
    <subfield code="9">A/RES/58/144</subfield>
    <subfield code="b">1201513.1.1</subfield>
    <subfield code="i">1201513</subfield>
    <subfield code="k">uncs</subfield>
    <subfield code="c">c. 1</subfield>
    <subfield code="l">DHL</subfield>
    <subfield code="z">t</subfield>
    <subfield code="m">14day</subfield>
    <subfield code="d">20040310190000</subfield>
  </datafield>
  <datafield tag="980" ind1=" " ind2=" ">
    <subfield code="a">BIB</subfield>
  </datafield>
  <datafield tag="981" ind1=" " ind2=" ">
    <subfield code="a">General Assembly</subfield>
    <subfield code="b">General Assembly Plenary</subfield>
  </datafield>
  <datafield tag="989" ind1=" " ind2=" ">
    <subfield code="a">Documents and Publications</subfield>
    <subfield code="b">Resolutions and Decisions</subfield>
    <subfield code="c">Resolutions</subfield>
  </datafield>
  <datafield tag="991" ind1="1" ind2=" ">
    <subfield code="a">A/58/251</subfield>
    <subfield code="b">110</subfield>
    <subfield code="c">Advancement of women.</subfield>
    <subfield code="d">WOMEN'S ADVANCEMENT</subfield>
    <subfield code="z">I0161257</subfield>
    <subfield code="0">(DHLAUTH)638356</subfield>
  </datafield>
  <datafield tag="992" ind1=" " ind2=" ">
    <subfield code="a">2003-12-22</subfield>
  </datafield>
  <datafield tag="993" ind1="2" ind2=" ">
    <subfield code="a">A/C.3/58/L.19</subfield>
  </datafield>
  <datafield tag="993" ind1="3" ind2=" ">
    <subfield code="a">A/58/501</subfield>
  </datafield>
  <datafield tag="993" ind1="4" ind2=" ">
    <subfield code="a">A/58/PV.77</subfield>
  </datafield>
  <datafield tag="995" ind1=" " ind2=" ">
    <subfield code="a">Reaffirms the urgent goal of achieving 50/50 gender distribution in all categories of posts within the UN system; strongly encourages the Secretary-General, in the context of his commitment to set concrete targets for the appointment of women as his special representatives and special envoys in order to reach the target of 50/50 gender balance by 2015; strongly encourages Member States: (a) to support the efforts of UN and the specialized agencies, funds and programmes to achieve the goal of 50/50 gender distribution; (b) to identify women candidates for assignment to peacekeeping missions; (c) to identify and submit regularly more women candidates for appointment or election to intergovernmental, expert and treaty bodies; (d) to identify and nominate more women candidates for appointment or election as judges or other senior officials in international courts and tribunals; (e) to cooperate closely with the UN to facilitate spouse employment at all the major duty stations of the Secretariat and the organizations of the UN system.</subfield>
  </datafield>
  <datafield tag="996" ind1=" " ind2=" ">
    <subfield code="a">Adopted without vote, 77th plenary meeting</subfield>
  </datafield>
  <datafield tag="998" ind1=" " ind2=" ">
    <subfield code="a">20031223110000</subfield>
    <subfield code="b">mvcat</subfield>
    <subfield code="c">20220622153900</subfield>
    <subfield code="d">sh35cat</subfield>
    <subfield code="x">0x00010000c6a40bfd</subfield>
    <subfield code="z">20220622194122</subfield>
  </datafield>
  <datafield tag="999" ind1=" " ind2=" ">
    <subfield code="a">pgt20041118</subfield>
    <subfield code="b">20041118</subfield>
    <subfield code="c">t</subfield>
  </datafield>
  <datafield tag="999" ind1=" " ind2=" ">
    <subfield code="a">kku20040315</subfield>
    <subfield code="b">20040315</subfield>
    <subfield code="c">u</subfield>
  </datafield>
  <datafield tag="999" ind1=" " ind2=" ">
    <subfield code="a">alac20040311</subfield>
    <subfield code="b">20040311</subfield>
    <subfield code="c">c</subfield>
  </datafield>
  <datafield tag="999" ind1=" " ind2=" ">
    <subfield code="a">dgu20040311</subfield>
    <subfield code="b">20040311</subfield>
    <subfield code="c">u</subfield>
  </datafield>
  <datafield tag="999" ind1=" " ind2=" ">
    <subfield code="a">mvp20031223</subfield>
    <subfield code="b">20031223</subfield>
    <subfield code="c">p</subfield>
  </datafield>
  <datafield tag="999" ind1=" " ind2=" ">
    <subfield code="a">TAr20040311</subfield>
    <subfield code="b">20040311</subfield>
    <subfield code="c">r</subfield>
  </datafield>
</record>