
<record>
  <controlfield tag="000">00540nam a22002295a 4500</controlfield>
  <controlfield tag="001">632316</controlfield>
  <controlfield tag="005">20190710181833.0</controlfield>
  <controlfield tag="008">080722s2008    usa    #r     |||1| eng d</controlfield>
  <datafield tag="035" ind1=" " ind2=" ">
    <subfield code="a">D868388X</subfield>
    <subfield code="z">D0356212</subfield>
  </datafield>
  <datafield tag="035" ind1=" " ind2=" ">
    <subfield code="a">(DHL)868388</subfield>
  </datafield>
  <datafield tag="039" ind1=" " ind2=" ">
    <subfield code="a">DHU</subfield>
  </datafield>
  <datafield tag="040" ind1=" " ind2=" ">
    <subfield code="a">NNUN</subfield>
    <subfield code="b">eng</subfield>
  </datafield>
  <datafield tag="041" ind1="0" ind2=" ">
    <subfield code="a">engfre</subfield>
  </datafield>
  <datafield tag="049" ind1=" " ind2=" ">
    <subfield code="a">usa</subfield>
  </datafield>
  <datafield tag="089" ind1=" " ind2=" ">
    <subfield code="b">B20</subfield>
  </datafield>
  <datafield tag="091" ind1=" " ind2=" ">
    <subfield code="a">GER</subfield>
  </datafield>
  <datafield tag="191" ind1=" " ind2=" ">
    <subfield code="a">[ST/DPI/PRESS/]SG/SM/11647</subfield>
    <subfield code="b">ST/DPI/PRESS/SG/SM/</subfield>
    <subfield code="q">STDPIPRESSSGSM11647</subfield>
    <subfield code="r">STDPIPRESSSGSM</subfield>
    <subfield code="0">(DHLAUTH)437977</subfield>
  </datafield>
  <datafield tag="191" ind1=" " ind2=" ">
    <subfield code="b">***</subfield>
    <subfield code="z">SG/SM/11647</subfield>
    <subfield code="q">SGSM11647</subfield>
    <subfield code="0">(DHLAUTH)325910</subfield>
  </datafield>
  <datafield tag="191" ind1=" " ind2=" ">
    <subfield code="a">[ST/DPI/PRESS/]SC/9365</subfield>
    <subfield code="b">ST/DPI/PRESS/SC/</subfield>
    <subfield code="q">STDPIPRESSSC9365</subfield>
    <subfield code="r">STDPIPRESSSC</subfield>
    <subfield code="0">(DHLAUTH)452465</subfield>
  </datafield>
  <datafield tag="191" ind1=" " ind2=" ">
    <subfield code="b">***</subfield>
    <subfield code="z">SC/9365</subfield>
    <subfield code="q">SC9365</subfield>
    <subfield code="0">(DHLAUTH)325910</subfield>
  </datafield>
  <datafield tag="191" ind1=" " ind2=" ">
    <subfield code="a">[ST/DPI/PRESS/]WOM/1685</subfield>
    <subfield code="b">ST/DPI/PRESS/WOM/</subfield>
    <subfield code="q">STDPIPRESSWOM1685</subfield>
    <subfield code="r">STDPIPRESSWOM</subfield>
    <subfield code="0">(DHLAUTH)452471</subfield>
  </datafield>
  <datafield tag="191" ind1=" " ind2=" ">
    <subfield code="b">***</subfield>
    <subfield code="z">WOM/1685</subfield>
    <subfield code="q">WOM1685</subfield>
    <subfield code="0">(DHLAUTH)325910</subfield>
  </datafield>
  <datafield tag="245" ind1="1" ind2="0">
    <subfield code="a">Far more must be done to involve women in conflict prevention, peace talks, recovery after guns fall silent, Secretary-General tells Security Council :</subfield>
    <subfield code="b">[remarks, to the Security Council meeting on women, peace and security, New York, 19 June 2008] /</subfield>
    <subfield code="c">[by the UN Secretary-General]</subfield>
  </datafield>
  <datafield tag="260" ind1=" " ind2=" ">
    <subfield code="a">New York :</subfield>
    <subfield code="b">UN Dept. of Public Information,</subfield>
    <subfield code="c">19 June 2008</subfield>
  </datafield>
  <datafield tag="269" ind1=" " ind2=" ">
    <subfield code="a">2008-06-19</subfield>
  </datafield>
  <datafield tag="300" ind1=" " ind2=" ">
    <subfield code="a">3 p.</subfield>
  </datafield>
  <datafield tag="500" ind1=" " ind2=" ">
    <subfield code="a">Available also at the UN Press Releases and Meetings Coverage website (viewed 15 July 2009).  </subfield>
  </datafield>
  <datafield tag="650" ind1="1" ind2="7">
    <subfield code="a">EQUAL OPPORTUNITY</subfield>
    <subfield code="2">unbist</subfield>
    <subfield code="0">(DHLAUTH)274193</subfield>
  </datafield>
  <datafield tag="650" ind1="1" ind2="7">
    <subfield code="a">PEACEKEEPING OPERATIONS</subfield>
    <subfield code="2">unbist</subfield>
    <subfield code="0">(DHLAUTH)474428</subfield>
  </datafield>
  <datafield tag="700" ind1="1" ind2=" ">
    <subfield code="a">Ban, Ki-moon, 1944-</subfield>
    <subfield code="0">(DHLAUTH)581006</subfield>
  </datafield>
  <datafield tag="710" ind1="2" ind2=" ">
    <subfield code="a">UN. Secretary-General</subfield>
    <subfield code="0">(DHLAUTH)10663</subfield>
  </datafield>
  <datafield tag="856" ind1="4" ind2="1">
    <subfield code="3">English</subfield>
    <subfield code="q">HTML</subfield>
    <subfield code="u">http://www.un.org/News/Press/docs/2008/sgsm11647.doc.htm</subfield>
  </datafield>
  <datafield tag="856" ind1="4" ind2="1">
    <subfield code="3">French</subfield>
    <subfield code="q">HTML</subfield>
    <subfield code="u">http://www.un.org/News/fr-press/docs/2008/SGSM11647.doc.htm</subfield>
  </datafield>
  <datafield tag="930" ind1=" " ind2=" ">
    <subfield code="a">UNDJL08</subfield>
  </datafield>
  <datafield tag="930" ind1=" " ind2=" ">
    <subfield code="a">SGS</subfield>
  </datafield>
  <datafield tag="930" ind1=" " ind2=" ">
    <subfield code="a">WWW</subfield>
  </datafield>
  <datafield tag="949" ind1=" " ind2=" ">
    <subfield code="9">ST/DPI/PRESS/SG/SM/11647</subfield>
    <subfield code="b">1567943.1.1</subfield>
    <subfield code="i">1567943</subfield>
    <subfield code="k">unfs</subfield>
    <subfield code="c">c. 1</subfield>
    <subfield code="l">DHL</subfield>
    <subfield code="z">t</subfield>
    <subfield code="m">14day</subfield>
    <subfield code="d">20080721200000</subfield>
  </datafield>
  <datafield tag="949" ind1=" " ind2=" ">
    <subfield code="9">ST/DPI/PRESS/WOM/1685</subfield>
    <subfield code="b">1567947.5.1</subfield>
    <subfield code="i">1567947</subfield>
    <subfield code="k">unes</subfield>
    <subfield code="c">c. 1</subfield>
    <subfield code="l">DHL</subfield>
    <subfield code="z">t</subfield>
    <subfield code="m">14day</subfield>
    <subfield code="d">20080721200000</subfield>
  </datafield>
  <datafield tag="949" ind1=" " ind2=" ">
    <subfield code="9">ST/DPI/PRESS/SC/9365</subfield>
    <subfield code="b">1567945.3.1</subfield>
    <subfield code="i">1567945</subfield>
    <subfield code="k">unes</subfield>
    <subfield code="c">c. 1</subfield>
    <subfield code="l">DHL</subfield>
    <subfield code="z">t</subfield>
    <subfield code="m">14day</subfield>
    <subfield code="d">20080721200000</subfield>
  </datafield>
  <datafield tag="949" ind1=" " ind2=" ">
    <subfield code="9">ST/DPI/PRESS/SG/SM/11647</subfield>
    <subfield code="b">10000008683881</subfield>
    <subfield code="i">1567942</subfield>
    <subfield code="k">unes</subfield>
    <subfield code="c">c. 1</subfield>
    <subfield code="l">DHL</subfield>
    <subfield code="z">t</subfield>
    <subfield code="m">14day</subfield>
    <subfield code="d">20080721200000</subfield>
  </datafield>
  <datafield tag="949" ind1=" " ind2=" ">
    <subfield code="9">ST/DPI/PRESS/WOM/1685</subfield>
    <subfield code="b">1567948.6.1</subfield>
    <subfield code="i">1567948</subfield>
    <subfield code="k">unfs</subfield>
    <subfield code="c">c. 1</subfield>
    <subfield code="l">DHL</subfield>
    <subfield code="z">t</subfield>
    <subfield code="m">14day</subfield>
    <subfield code="d">20080721200000</subfield>
  </datafield>
  <datafield tag="949" ind1=" " ind2=" ">
    <subfield code="9">ST/DPI/PRESS/SC/9365</subfield>
    <subfield code="b">1567946.4.1</subfield>
    <subfield code="i">1567946</subfield>
    <subfield code="k">unfs</subfield>
    <subfield code="c">c. 1</subfield>
    <subfield code="l">DHL</subfield>
    <subfield code="z">t</subfield>
    <subfield code="m">14day</subfield>
    <subfield code="d">20080721200000</subfield>
  </datafield>
  <datafield tag="949" ind1=" " ind2=" ">
    <subfield code="9">ST/DPI/PRESS/SG/SM/11647</subfield>
    <subfield code="b">1567944.2.1</subfield>
    <subfield code="i">1567944</subfield>
    <subfield code="k">unes</subfield>
    <subfield code="c">c. 2</subfield>
    <subfield code="l">DHL</subfield>
    <subfield code="z">t</subfield>
    <subfield code="m">14day</subfield>
    <subfield code="d">20080721200000</subfield>
  </datafield>
  <datafield tag="980" ind1=" " ind2=" ">
    <subfield code="a">BIB</subfield>
  </datafield>
  <datafield tag="981" ind1=" " ind2=" ">
    <subfield code="a">Secretariat</subfield>
  </datafield>
  <datafield tag="989" ind1=" " ind2=" ">
    <subfield code="a">Documents and Publications</subfield>
    <subfield code="b">Press Releases</subfield>
  </datafield>
  <datafield tag="998" ind1=" " ind2=" ">
    <subfield code="a">20080722074100</subfield>
    <subfield code="b">pnser</subfield>
    <subfield code="c">20161018102100</subfield>
    <subfield code="d">shkcat</subfield>
    <subfield code="z">20190710170946</subfield>
  </datafield>
  <datafield tag="999" ind1=" " ind2=" ">
    <subfield code="a">dgm20090624</subfield>
    <subfield code="b">20090624</subfield>
    <subfield code="c">m</subfield>
  </datafield>
  <datafield tag="999" ind1=" " ind2=" ">
    <subfield code="a">iap20080730</subfield>
    <subfield code="b">20080730</subfield>
    <subfield code="c">p</subfield>
  </datafield>
  <datafield tag="999" ind1=" " ind2=" ">
    <subfield code="a">pnq20080722</subfield>
    <subfield code="b">20080722</subfield>
    <subfield code="c">q</subfield>
  </datafield>
  <datafield tag="999" ind1=" " ind2=" ">
    <subfield code="a">jgu20090306</subfield>
    <subfield code="b">20090306</subfield>
    <subfield code="c">u</subfield>
  </datafield>
  <datafield tag="999" ind1=" " ind2=" ">
    <subfield code="a">yllc20090715</subfield>
    <subfield code="b">20090715</subfield>
    <subfield code="c">c</subfield>
  </datafield>
  <datafield tag="999" ind1=" " ind2=" ">
    <subfield code="a">yllr20090715</subfield>
    <subfield code="b">20090715</subfield>
    <subfield code="c">r</subfield>
  </datafield>
</record>