
<record>
  <controlfield tag="000">00433nam a2200205#a 4500</controlfield>
  <controlfield tag="001">534261</controlfield>
  <controlfield tag="005">20210712184932.0</controlfield>
  <controlfield tag="008">041101c2004    usa    #r     00010 eng d</controlfield>
  <datafield tag="029" ind1=" " ind2=" ">
    <subfield code="a">JN</subfield>
    <subfield code="b">N0457809 E</subfield>
  </datafield>
  <datafield tag="035" ind1=" " ind2=" ">
    <subfield code="a">D757554X</subfield>
    <subfield code="z">D0312299</subfield>
  </datafield>
  <datafield tag="035" ind1=" " ind2=" ">
    <subfield code="a">(DHL)757554</subfield>
  </datafield>
  <datafield tag="039" ind1=" " ind2=" ">
    <subfield code="a">DHU</subfield>
  </datafield>
  <datafield tag="040" ind1=" " ind2=" ">
    <subfield code="a">NNUN</subfield>
    <subfield code="b">eng</subfield>
  </datafield>
  <datafield tag="041" ind1="0" ind2=" ">
    <subfield code="a">arachiengfrerusspa</subfield>
  </datafield>
  <datafield tag="049" ind1=" " ind2=" ">
    <subfield code="a">USA</subfield>
  </datafield>
  <datafield tag="089" ind1=" " ind2=" ">
    <subfield code="b">B17</subfield>
  </datafield>
  <datafield tag="091" ind1=" " ind2=" ">
    <subfield code="a">GEN</subfield>
  </datafield>
  <datafield tag="099" ind1=" " ind2=" ">
    <subfield code="a">UNH</subfield>
    <subfield code="b">DHU</subfield>
  </datafield>
  <datafield tag="191" ind1=" " ind2=" ">
    <subfield code="a">S/PRST/2004/40</subfield>
    <subfield code="b">S/</subfield>
    <subfield code="c">59</subfield>
    <subfield code="9">X15</subfield>
    <subfield code="f">3.2859</subfield>
    <subfield code="q">SPRST200440</subfield>
    <subfield code="r">S59</subfield>
    <subfield code="0">(DHLAUTH)653729</subfield>
  </datafield>
  <datafield tag="239" ind1="1" ind2="0">
    <subfield code="a">Statement [made on behalf of the Security Council at the 5066th meeting, 28 Oct. 2004, in connection with the Council's consideration of the item entitled "Women and peace and security"]</subfield>
  </datafield>
  <datafield tag="245" ind1="0" ind2="0">
    <subfield code="a">Statement /</subfield>
    <subfield code="c">by the President of the Security Council</subfield>
  </datafield>
  <datafield tag="260" ind1=" " ind2=" ">
    <subfield code="a">[New York] :</subfield>
    <subfield code="b">UN,</subfield>
    <subfield code="c">28 Oct. 2004</subfield>
  </datafield>
  <datafield tag="269" ind1=" " ind2=" ">
    <subfield code="a">2004-10-28</subfield>
  </datafield>
  <datafield tag="300" ind1=" " ind2=" ">
    <subfield code="a">3 p.</subfield>
  </datafield>
  <datafield tag="610" ind1="2" ind2="7">
    <subfield code="2">unbisn</subfield>
    <subfield code="a">UN. General Assembly (23rd special sess. : 2000)</subfield>
    <subfield code="0">(DHLAUTH)527685</subfield>
  </datafield>
  <datafield tag="610" ind1="2" ind2="7">
    <subfield code="2">unbisn</subfield>
    <subfield code="a">UN System</subfield>
    <subfield code="0">(DHLAUTH)13838</subfield>
  </datafield>
  <datafield tag="630" ind1="0" ind2="7">
    <subfield code="a">Beijing Declaration of the Fourth World Conference on Women (1995)</subfield>
    <subfield code="2">unbisn</subfield>
    <subfield code="0">(DHLAUTH)288149</subfield>
  </datafield>
  <datafield tag="630" ind1="0" ind2="7">
    <subfield code="a">Platform for Action of the Fourth World Conference on Women (1995)</subfield>
    <subfield code="2">unbisn</subfield>
    <subfield code="0">(DHLAUTH)288145</subfield>
  </datafield>
  <datafield tag="630" ind1="0" ind2="7">
    <subfield code="a">Political Declaration of the 23rd Special Session of the General Assembly (2000)</subfield>
    <subfield code="2">unbisn</subfield>
    <subfield code="0">(DHLAUTH)585853</subfield>
  </datafield>
  <datafield tag="650" ind1="1" ind2="7">
    <subfield code="2">unbist</subfield>
    <subfield code="a">WOMEN IN ARMED CONFLICTS</subfield>
    <subfield code="0">(DHLAUTH)652111</subfield>
  </datafield>
  <datafield tag="650" ind1="1" ind2="7">
    <subfield code="2">unbist</subfield>
    <subfield code="a">GIRLS</subfield>
    <subfield code="0">(DHLAUTH)272930</subfield>
  </datafield>
  <datafield tag="650" ind1="1" ind2="7">
    <subfield code="2">unbist</subfield>
    <subfield code="a">GENDER-BASED VIOLENCE</subfield>
    <subfield code="0">(DHLAUTH)276684</subfield>
  </datafield>
  <datafield tag="650" ind1="1" ind2="7">
    <subfield code="2">unbist</subfield>
    <subfield code="a">GENDER EQUALITY</subfield>
    <subfield code="0">(DHLAUTH)441178</subfield>
  </datafield>
  <datafield tag="650" ind1="1" ind2="7">
    <subfield code="2">unbist</subfield>
    <subfield code="a">PROGRAMME IMPLEMENTATION</subfield>
    <subfield code="0">(DHLAUTH)275794</subfield>
  </datafield>
  <datafield tag="650" ind1="2" ind2="7">
    <subfield code="2">unbist</subfield>
    <subfield code="a">PEACEBUILDING</subfield>
    <subfield code="0">(DHLAUTH)268714</subfield>
  </datafield>
  <datafield tag="650" ind1="2" ind2="7">
    <subfield code="2">unbist</subfield>
    <subfield code="a">GENDER MAINSTREAMING</subfield>
    <subfield code="0">(DHLAUTH)493524</subfield>
  </datafield>
  <datafield tag="650" ind1="2" ind2="7">
    <subfield code="2">unbist</subfield>
    <subfield code="a">PEACEKEEPING OPERATIONS</subfield>
    <subfield code="0">(DHLAUTH)474428</subfield>
  </datafield>
  <datafield tag="650" ind1="2" ind2="7">
    <subfield code="2">unbist</subfield>
    <subfield code="a">HUMAN RIGHTS MONITORING</subfield>
    <subfield code="0">(DHLAUTH)276661</subfield>
  </datafield>
  <datafield tag="650" ind1="2" ind2="7">
    <subfield code="2">unbist</subfield>
    <subfield code="a">COMMISSIONS OF INQUIRY</subfield>
    <subfield code="0">(DHLAUTH)268291</subfield>
  </datafield>
  <datafield tag="650" ind1="2" ind2="7">
    <subfield code="2">unbist</subfield>
    <subfield code="a">WOMEN'S RIGHTS</subfield>
    <subfield code="0">(DHLAUTH)273161</subfield>
  </datafield>
  <datafield tag="650" ind1="2" ind2="7">
    <subfield code="2">unbist</subfield>
    <subfield code="a">WAR CRIMES</subfield>
    <subfield code="0">(DHLAUTH)268794</subfield>
  </datafield>
  <datafield tag="650" ind1="2" ind2="7">
    <subfield code="2">unbist</subfield>
    <subfield code="a">DISPUTE SETTLEMENT</subfield>
    <subfield code="0">(DHLAUTH)268292</subfield>
  </datafield>
  <datafield tag="650" ind1="2" ind2="7">
    <subfield code="2">unbist</subfield>
    <subfield code="a">WOMEN MANAGERS</subfield>
    <subfield code="0">(DHLAUTH)272023</subfield>
  </datafield>
  <datafield tag="650" ind1="2" ind2="7">
    <subfield code="2">unbist</subfield>
    <subfield code="a">RECRUITMENT</subfield>
    <subfield code="0">(DHLAUTH)272038</subfield>
  </datafield>
  <datafield tag="650" ind1="2" ind2="7">
    <subfield code="2">unbist</subfield>
    <subfield code="a">POST-CONFLICT RECONSTRUCTION</subfield>
    <subfield code="0">(DHLAUTH)534888</subfield>
  </datafield>
  <datafield tag="650" ind1="2" ind2="7">
    <subfield code="2">unbist</subfield>
    <subfield code="a">CIVIL SOCIETY</subfield>
    <subfield code="0">(DHLAUTH)479996</subfield>
  </datafield>
  <datafield tag="650" ind1="2" ind2="7">
    <subfield code="2">unbist</subfield>
    <subfield code="a">PROGRAMMES OF ACTION</subfield>
    <subfield code="0">(DHLAUTH)275777</subfield>
  </datafield>
  <datafield tag="650" ind1="2" ind2="7">
    <subfield code="2">unbist</subfield>
    <subfield code="a">REPORT PREPARATION</subfield>
    <subfield code="0">(DHLAUTH)275139</subfield>
  </datafield>
  <datafield tag="710" ind1="2" ind2=" ">
    <subfield code="a">UN. Security Council (59th year : 2004). President</subfield>
    <subfield code="0">(DHLAUTH)654017</subfield>
  </datafield>
  <datafield tag="856" ind1="4" ind2=" ">
    <subfield code="y">العربية</subfield>
    <subfield code="9">a3184009-e96d-4ed8-be88-8c3576f90401</subfield>
    <subfield code="s">75750</subfield>
    <subfield code="u">https://digitallibrary.un.org/record/534261/files/S_PRST_2004_40-AR.pdf</subfield>
  </datafield>
  <datafield tag="856" ind1="4" ind2=" ">
    <subfield code="y">Other</subfield>
    <subfield code="9">b67f735f-9a0b-4295-bdd3-5c725b5923ce</subfield>
    <subfield code="s">27892</subfield>
    <subfield code="u">https://digitallibrary.un.org/record/534261/files/S_PRST_2004_40-DE.pdf</subfield>
  </datafield>
  <datafield tag="856" ind1="4" ind2=" ">
    <subfield code="y">English</subfield>
    <subfield code="9">aae3395f-0a6c-48db-a766-6930bd858ed1</subfield>
    <subfield code="s">30138</subfield>
    <subfield code="u">https://digitallibrary.un.org/record/534261/files/S_PRST_2004_40-EN.pdf</subfield>
  </datafield>
  <datafield tag="856" ind1="4" ind2=" ">
    <subfield code="y">Español</subfield>
    <subfield code="9">3c00e514-f9bd-4b70-8620-777fbe01db2a</subfield>
    <subfield code="s">33466</subfield>
    <subfield code="u">https://digitallibrary.un.org/record/534261/files/S_PRST_2004_40-ES.pdf</subfield>
  </datafield>
  <datafield tag="856" ind1="4" ind2=" ">
    <subfield code="y">Français</subfield>
    <subfield code="9">9e75eba8-67df-4214-9141-e48ca4980db0</subfield>
    <subfield code="s">32370</subfield>
    <subfield code="u">https://digitallibrary.un.org/record/534261/files/S_PRST_2004_40-FR.pdf</subfield>
  </datafield>
  <datafield tag="856" ind1="4" ind2=" ">
    <subfield code="y">Русский</subfield>
    <subfield code="9">126c15c7-7b36-4c19-8788-af0d1e22cd86</subfield>
    <subfield code="s">128186</subfield>
    <subfield code="u">https://digitallibrary.un.org/record/534261/files/S_PRST_2004_40-RU.pdf</subfield>
  </datafield>
  <datafield tag="856" ind1="4" ind2=" ">
    <subfield code="y">中文</subfield>
    <subfield code="9">109b4234-454b-400d-9bde-8256666c76c2</subfield>
    <subfield code="s">162888</subfield>
    <subfield code="u">https://digitallibrary.un.org/record/534261/files/S_PRST_2004_40-ZH.pdf</subfield>
  </datafield>
  <datafield tag="930" ind1=" " ind2=" ">
    <subfield code="a">UNDNO04</subfield>
  </datafield>
  <datafield tag="930" ind1=" " ind2=" ">
    <subfield code="a">UDIQ304</subfield>
    <subfield code="b">3.2859</subfield>
  </datafield>
  <datafield tag="949" ind1=" " ind2=" ">
    <subfield code="9">S/PRST/2004/40</subfield>
    <subfield code="b">1254892.3.1</subfield>
    <subfield code="i">1254892</subfield>
    <subfield code="k">unfs</subfield>
    <subfield code="c">c. 1</subfield>
    <subfield code="l">DHL</subfield>
    <subfield code="z">t</subfield>
    <subfield code="m">14day</subfield>
    <subfield code="d">20041101000000</subfield>
  </datafield>
  <datafield tag="949" ind1=" " ind2=" ">
    <subfield code="9">S/PRST/2004/40</subfield>
    <subfield code="b">1254890.1.1</subfield>
    <subfield code="i">1254890</subfield>
    <subfield code="k">unas</subfield>
    <subfield code="c">c. 1</subfield>
    <subfield code="l">DHL</subfield>
    <subfield code="z">t</subfield>
    <subfield code="m">14day</subfield>
    <subfield code="d">20041101000000</subfield>
  </datafield>
  <datafield tag="949" ind1=" " ind2=" ">
    <subfield code="9">S/PRST/2004/40</subfield>
    <subfield code="b">1254891.2.1</subfield>
    <subfield code="i">1254891</subfield>
    <subfield code="k">uncs</subfield>
    <subfield code="c">c. 1</subfield>
    <subfield code="l">DHL</subfield>
    <subfield code="z">t</subfield>
    <subfield code="m">14day</subfield>
    <subfield code="d">20041101000000</subfield>
  </datafield>
  <datafield tag="949" ind1=" " ind2=" ">
    <subfield code="9">S/PRST/2004/40</subfield>
    <subfield code="b">1254893.4.1</subfield>
    <subfield code="i">1254893</subfield>
    <subfield code="k">unrs</subfield>
    <subfield code="c">c. 1</subfield>
    <subfield code="l">DHL</subfield>
    <subfield code="z">t</subfield>
    <subfield code="m">14day</subfield>
    <subfield code="d">20041101000000</subfield>
  </datafield>
  <datafield tag="949" ind1=" " ind2=" ">
    <subfield code="9">S/PRST/2004/40</subfield>
    <subfield code="b">1254894.5.1</subfield>
    <subfield code="i">1254894</subfield>
    <subfield code="k">unss</subfield>
    <subfield code="c">c. 1</subfield>
    <subfield code="l">DHL</subfield>
    <subfield code="z">t</subfield>
    <subfield code="m">14day</subfield>
    <subfield code="d">20041101000000</subfield>
  </datafield>
  <datafield tag="949" ind1=" " ind2=" ">
    <subfield code="9">S/PRST/2004/40</subfield>
    <subfield code="b">757554</subfield>
    <subfield code="i">1254889</subfield>
    <subfield code="k">unes</subfield>
    <subfield code="c">c. 1</subfield>
    <subfield code="l">DHL</subfield>
    <subfield code="z">t</subfield>
    <subfield code="m">14day</subfield>
    <subfield code="d">20041101000000</subfield>
  </datafield>
  <datafield tag="980" ind1=" " ind2=" ">
    <subfield code="a">BIB</subfield>
  </datafield>
  <datafield tag="981" ind1=" " ind2=" ">
    <subfield code="a">Security Council</subfield>
  </datafield>
  <datafield tag="989" ind1=" " ind2=" ">
    <subfield code="a">Documents and Publications</subfield>
    <subfield code="b">Resolutions and Decisions</subfield>
    <subfield code="c">Presidential Statements</subfield>
  </datafield>
  <datafield tag="991" ind1="3" ind2=" ">
    <subfield code="a">S/59</subfield>
    <subfield code="b">[201]</subfield>
    <subfield code="d">WOMEN IN ARMED CONFLICTS</subfield>
    <subfield code="z">I0184230</subfield>
    <subfield code="0">(DHLAUTH)653592</subfield>
  </datafield>
  <datafield tag="992" ind1=" " ind2=" ">
    <subfield code="a">2004-10-28</subfield>
  </datafield>
  <datafield tag="993" ind1="4" ind2=" ">
    <subfield code="a">S/PV.5066</subfield>
  </datafield>
  <datafield tag="995" ind1=" " ind2=" ">
    <subfield code="a">Strongly condemns the continued acts of gender-based violence in situations of armed conflict; requests the Secretary-General to ensure that human rights monitors and members of commissions of inquiry have the necessary expertise and training in gender-based crimes and in the conduct of investigations, including in a culturally sensitive manner favourable to the needs, dignity and rights of the victims; reaffirms the important role of women in the prevention of conflict and supports the Secretary-General's intention to develop a comprehensive system-wide strategy and action plan for increasing attention to gender perspectives in conflict prevention; considers that an increase in the representation of women in all aspects of conflict prevention, peacekeeping and peace-building operations and humanitarian response is urgently needed; recognizes the vital contribution of women in promoting peace and their role in reconstruction processes.</subfield>
  </datafield>
  <datafield tag="998" ind1=" " ind2=" ">
    <subfield code="a">20041101121400</subfield>
    <subfield code="b">yccs</subfield>
    <subfield code="c">20210712081600</subfield>
    <subfield code="d">sh35cat</subfield>
    <subfield code="x">0x00010000c3cabe99</subfield>
    <subfield code="z">20210712122310</subfield>
  </datafield>
  <datafield tag="999" ind1=" " ind2=" ">
    <subfield code="a">ffu20201207</subfield>
    <subfield code="b">20201207</subfield>
    <subfield code="c">u</subfield>
  </datafield>
  <datafield tag="999" ind1=" " ind2=" ">
    <subfield code="a">pgt20041104</subfield>
    <subfield code="b">20041104</subfield>
    <subfield code="c">t</subfield>
  </datafield>
  <datafield tag="999" ind1=" " ind2=" ">
    <subfield code="a">rtu20041103</subfield>
    <subfield code="b">20041103</subfield>
    <subfield code="c">u</subfield>
  </datafield>
  <datafield tag="999" ind1=" " ind2=" ">
    <subfield code="a">mvc20041101</subfield>
    <subfield code="b">20041101</subfield>
    <subfield code="c">c</subfield>
  </datafield>
  <datafield tag="999" ind1=" " ind2=" ">
    <subfield code="a">ycq20041101</subfield>
    <subfield code="b">20041101</subfield>
    <subfield code="c">q</subfield>
  </datafield>
  <datafield tag="999" ind1=" " ind2=" ">
    <subfield code="a">TAr20041101</subfield>
    <subfield code="b">20041101</subfield>
    <subfield code="c">r</subfield>
  </datafield>
</record>