
<record>
  <controlfield tag="000">02483cam a22007455a 4500</controlfield>
  <controlfield tag="001">519987</controlfield>
  <controlfield tag="005">20210715102915.0</controlfield>
  <controlfield tag="008">040426c2004    usa     r     00010 eng d</controlfield>
  <datafield tag="029" ind1=" " ind2=" ">
    <subfield code="a">JN</subfield>
    <subfield code="b">N0431869 E</subfield>
  </datafield>
  <datafield tag="035" ind1=" " ind2=" ">
    <subfield code="a">D739698X</subfield>
    <subfield code="z">D0305845</subfield>
  </datafield>
  <datafield tag="035" ind1=" " ind2=" ">
    <subfield code="a">(DHL)739698</subfield>
  </datafield>
  <datafield tag="039" ind1=" " ind2=" ">
    <subfield code="a">DHU</subfield>
  </datafield>
  <datafield tag="040" ind1=" " ind2=" ">
    <subfield code="a">NNUN</subfield>
    <subfield code="b">eng</subfield>
  </datafield>
  <datafield tag="041" ind1="0" ind2=" ">
    <subfield code="a">arachiengfrerusspa</subfield>
  </datafield>
  <datafield tag="049" ind1=" " ind2=" ">
    <subfield code="a">USA</subfield>
  </datafield>
  <datafield tag="089" ind1=" " ind2=" ">
    <subfield code="b">B02</subfield>
  </datafield>
  <datafield tag="091" ind1=" " ind2=" ">
    <subfield code="a">GEN</subfield>
  </datafield>
  <datafield tag="099" ind1=" " ind2=" ">
    <subfield code="a">UNH</subfield>
    <subfield code="b">DHU</subfield>
  </datafield>
  <datafield tag="191" ind1=" " ind2=" ">
    <subfield code="a">S/2004/314</subfield>
    <subfield code="b">S/</subfield>
    <subfield code="c">59</subfield>
    <subfield code="9">X10</subfield>
    <subfield code="q">S2004314</subfield>
    <subfield code="r">S59</subfield>
    <subfield code="0">(DHLAUTH)653729</subfield>
  </datafield>
  <datafield tag="239" ind1="1" ind2="0">
    <subfield code="a">Draft resolution [on children in armed conflict]</subfield>
  </datafield>
  <datafield tag="245" ind1="0" ind2="0">
    <subfield code="a">Draft resolution</subfield>
  </datafield>
  <datafield tag="260" ind1=" " ind2=" ">
    <subfield code="a">[New York] :</subfield>
    <subfield code="b">UN,</subfield>
    <subfield code="c">20 Apr. 2004</subfield>
  </datafield>
  <datafield tag="269" ind1=" " ind2=" ">
    <subfield code="a">2004-04-20</subfield>
  </datafield>
  <datafield tag="300" ind1=" " ind2=" ">
    <subfield code="a">5 p.</subfield>
  </datafield>
  <datafield tag="610" ind1="2" ind2="7">
    <subfield code="a">UN. Special Representative of the Secretary-General for Children and Armed Conflict</subfield>
    <subfield code="2">unbisn</subfield>
    <subfield code="0">(DHLAUTH)487289</subfield>
  </datafield>
  <datafield tag="610" ind1="2" ind2="7">
    <subfield code="a">UNICEF</subfield>
    <subfield code="2">unbisn</subfield>
    <subfield code="0">(DHLAUTH)13939</subfield>
  </datafield>
  <datafield tag="610" ind1="2" ind2="7">
    <subfield code="a">Inter-Agency Standing Committee</subfield>
    <subfield code="2">unbisn</subfield>
    <subfield code="0">(DHLAUTH)223137</subfield>
  </datafield>
  <datafield tag="610" ind1="2" ind2="7">
    <subfield code="a">European Union</subfield>
    <subfield code="2">unbisn</subfield>
    <subfield code="0">(DHLAUTH)229823</subfield>
  </datafield>
  <datafield tag="610" ind1="2" ind2="7">
    <subfield code="a">Economic Community of West African States</subfield>
    <subfield code="2">unbisn</subfield>
    <subfield code="0">(DHLAUTH)19189</subfield>
  </datafield>
  <datafield tag="630" ind1="0" ind2="7">
    <subfield code="a">Charter of the United Nations (1945)</subfield>
    <subfield code="2">unbisn</subfield>
    <subfield code="0">(DHLAUTH)43312</subfield>
  </datafield>
  <datafield tag="650" ind1="1" ind2="7">
    <subfield code="a">CHILDREN IN ARMED CONFLICTS</subfield>
    <subfield code="2">unbist</subfield>
    <subfield code="0">(DHLAUTH)276638</subfield>
  </datafield>
  <datafield tag="650" ind1="1" ind2="7">
    <subfield code="a">CHILD SOLDIERS</subfield>
    <subfield code="2">unbist</subfield>
    <subfield code="0">(DHLAUTH)268841</subfield>
  </datafield>
  <datafield tag="650" ind1="1" ind2="7">
    <subfield code="a">INTERNATIONAL OBLIGATIONS</subfield>
    <subfield code="2">unbist</subfield>
    <subfield code="0">(DHLAUTH)269329</subfield>
  </datafield>
  <datafield tag="650" ind1="1" ind2="7">
    <subfield code="a">PROGRAMMES OF ACTION</subfield>
    <subfield code="2">unbist</subfield>
    <subfield code="0">(DHLAUTH)275777</subfield>
  </datafield>
  <datafield tag="650" ind1="1" ind2="7">
    <subfield code="a">RIGHTS OF THE CHILD</subfield>
    <subfield code="2">unbist</subfield>
    <subfield code="0">(DHLAUTH)272975</subfield>
  </datafield>
  <datafield tag="650" ind1="2" ind2="7">
    <subfield code="a">EXPERTS</subfield>
    <subfield code="2">unbist</subfield>
    <subfield code="0">(DHLAUTH)269889</subfield>
  </datafield>
  <datafield tag="650" ind1="2" ind2="7">
    <subfield code="a">ADVISORY SERVICES</subfield>
    <subfield code="2">unbist</subfield>
    <subfield code="0">(DHLAUTH)269860</subfield>
  </datafield>
  <datafield tag="650" ind1="2" ind2="7">
    <subfield code="a">INFORMATION EXCHANGE</subfield>
    <subfield code="2">unbist</subfield>
    <subfield code="0">(DHLAUTH)275144</subfield>
  </datafield>
  <datafield tag="650" ind1="2" ind2="7">
    <subfield code="a">ILLICIT TRAFFIC</subfield>
    <subfield code="2">unbist</subfield>
    <subfield code="0">(DHLAUTH)269319</subfield>
  </datafield>
  <datafield tag="650" ind1="2" ind2="7">
    <subfield code="a">ILLICIT ARMS TRAFFICKING</subfield>
    <subfield code="2">unbist</subfield>
    <subfield code="0">(DHLAUTH)459304</subfield>
  </datafield>
  <datafield tag="650" ind1="2" ind2="7">
    <subfield code="a">PEACEKEEPING OPERATIONS</subfield>
    <subfield code="2">unbist</subfield>
    <subfield code="0">(DHLAUTH)474428</subfield>
  </datafield>
  <datafield tag="650" ind1="2" ind2="7">
    <subfield code="a">REPORT PREPARATION</subfield>
    <subfield code="2">unbist</subfield>
    <subfield code="0">(DHLAUTH)275139</subfield>
  </datafield>
  <datafield tag="650" ind1="2" ind2="7">
    <subfield code="a">MILITARY ASSISTANCE</subfield>
    <subfield code="2">unbist</subfield>
    <subfield code="0">(DHLAUTH)268914</subfield>
  </datafield>
  <datafield tag="650" ind1="2" ind2="7">
    <subfield code="a">DISARMAMENT</subfield>
    <subfield code="2">unbist</subfield>
    <subfield code="0">(DHLAUTH)268584</subfield>
  </datafield>
  <datafield tag="650" ind1="2" ind2="7">
    <subfield code="a">MILITARY DEMOBILIZATION</subfield>
    <subfield code="2">unbist</subfield>
    <subfield code="0">(DHLAUTH)268842</subfield>
  </datafield>
  <datafield tag="650" ind1="2" ind2="7">
    <subfield code="a">SOCIAL INTEGRATION</subfield>
    <subfield code="2">unbist</subfield>
    <subfield code="0">(DHLAUTH)274706</subfield>
  </datafield>
  <datafield tag="650" ind1="2" ind2="7">
    <subfield code="a">GIRLS</subfield>
    <subfield code="2">unbist</subfield>
    <subfield code="0">(DHLAUTH)272930</subfield>
  </datafield>
  <datafield tag="650" ind1="2" ind2="7">
    <subfield code="a">EDUCATION</subfield>
    <subfield code="2">unbist</subfield>
    <subfield code="0">(DHLAUTH)268926</subfield>
  </datafield>
  <datafield tag="650" ind1="2" ind2="7">
    <subfield code="a">CHILD ABUSE</subfield>
    <subfield code="2">unbist</subfield>
    <subfield code="0">(DHLAUTH)272956</subfield>
  </datafield>
  <datafield tag="650" ind1="2" ind2="7">
    <subfield code="a">GENDER-BASED VIOLENCE</subfield>
    <subfield code="2">unbist</subfield>
    <subfield code="0">(DHLAUTH)276684</subfield>
  </datafield>
  <datafield tag="650" ind1="2" ind2="7">
    <subfield code="a">WOMEN</subfield>
    <subfield code="2">unbist</subfield>
    <subfield code="0">(DHLAUTH)273032</subfield>
  </datafield>
  <datafield tag="650" ind1="2" ind2="7">
    <subfield code="a">PRINCIPLES</subfield>
    <subfield code="2">unbist</subfield>
    <subfield code="0">(DHLAUTH)275776</subfield>
  </datafield>
  <datafield tag="650" ind1="2" ind2="7">
    <subfield code="a">CODES OF CONDUCT</subfield>
    <subfield code="2">unbist</subfield>
    <subfield code="0">(DHLAUTH)275793</subfield>
  </datafield>
  <datafield tag="650" ind1="2" ind2="7">
    <subfield code="a">ACCOUNTABILITY</subfield>
    <subfield code="2">unbist</subfield>
    <subfield code="0">(DHLAUTH)269310</subfield>
  </datafield>
  <datafield tag="650" ind1="2" ind2="7">
    <subfield code="a">HUMANITARIAN EMERGENCIES</subfield>
    <subfield code="2">unbist</subfield>
    <subfield code="0">(DHLAUTH)477179</subfield>
  </datafield>
  <datafield tag="650" ind1="2" ind2="7">
    <subfield code="a">RELIEF PERSONNEL</subfield>
    <subfield code="2">unbist</subfield>
    <subfield code="0">(DHLAUTH)276631</subfield>
  </datafield>
  <datafield tag="650" ind1="2" ind2="7">
    <subfield code="a">HIV/AIDS</subfield>
    <subfield code="2">unbist</subfield>
    <subfield code="0">(DHLAUTH)273866</subfield>
  </datafield>
  <datafield tag="650" ind1="2" ind2="7">
    <subfield code="a">GUIDELINES</subfield>
    <subfield code="2">unbist</subfield>
    <subfield code="0">(DHLAUTH)275775</subfield>
  </datafield>
  <datafield tag="650" ind1="2" ind2="7">
    <subfield code="a">ABDUCTION</subfield>
    <subfield code="2">unbist</subfield>
    <subfield code="0">(DHLAUTH)268383</subfield>
  </datafield>
  <datafield tag="650" ind1="2" ind2="7">
    <subfield code="a">FIELD OFFICES</subfield>
    <subfield code="2">unbist</subfield>
    <subfield code="0">(DHLAUTH)275826</subfield>
  </datafield>
  <datafield tag="856" ind1="4" ind2=" ">
    <subfield code="y">العربية</subfield>
    <subfield code="9">addbe4ba-53cf-47eb-86fe-f034991ce407</subfield>
    <subfield code="s">138291</subfield>
    <subfield code="u">https://digitallibrary.un.org/record/519987/files/S_2004_314-AR.pdf</subfield>
  </datafield>
  <datafield tag="856" ind1="4" ind2=" ">
    <subfield code="y">English</subfield>
    <subfield code="9">0a8f7709-703a-4c76-89ca-66e69e413a3f</subfield>
    <subfield code="s">43367</subfield>
    <subfield code="u">https://digitallibrary.un.org/record/519987/files/S_2004_314-EN.pdf</subfield>
  </datafield>
  <datafield tag="856" ind1="4" ind2=" ">
    <subfield code="y">Español</subfield>
    <subfield code="9">4054e8fc-798e-423c-b020-aa0b9b1ad6e7</subfield>
    <subfield code="s">113649</subfield>
    <subfield code="u">https://digitallibrary.un.org/record/519987/files/S_2004_314-ES.pdf</subfield>
  </datafield>
  <datafield tag="856" ind1="4" ind2=" ">
    <subfield code="y">Français</subfield>
    <subfield code="9">e3af8fef-cd47-4e5c-9d9d-02de21ef7059</subfield>
    <subfield code="s">106432</subfield>
    <subfield code="u">https://digitallibrary.un.org/record/519987/files/S_2004_314-FR.pdf</subfield>
  </datafield>
  <datafield tag="856" ind1="4" ind2=" ">
    <subfield code="y">Русский</subfield>
    <subfield code="9">0702a3c7-2208-4667-bc06-143018385303</subfield>
    <subfield code="s">173463</subfield>
    <subfield code="u">https://digitallibrary.un.org/record/519987/files/S_2004_314-RU.pdf</subfield>
  </datafield>
  <datafield tag="856" ind1="4" ind2=" ">
    <subfield code="y">中文</subfield>
    <subfield code="9">a6d350af-8acf-460b-a970-7666501f9ca4</subfield>
    <subfield code="s">300317</subfield>
    <subfield code="u">https://digitallibrary.un.org/record/519987/files/S_2004_314-ZH.pdf</subfield>
  </datafield>
  <datafield tag="930" ind1=" " ind2=" ">
    <subfield code="a">UNDAP04</subfield>
  </datafield>
  <datafield tag="949" ind1=" " ind2=" ">
    <subfield code="9">S/2004/314</subfield>
    <subfield code="b">7396981</subfield>
    <subfield code="i">1211666</subfield>
    <subfield code="k">unes</subfield>
    <subfield code="c">c. 1</subfield>
    <subfield code="l">DHL</subfield>
    <subfield code="z">t</subfield>
    <subfield code="m">14day</subfield>
    <subfield code="d">20040426000000</subfield>
  </datafield>
  <datafield tag="949" ind1=" " ind2=" ">
    <subfield code="9">S/2004/314</subfield>
    <subfield code="b">1211669.3.1</subfield>
    <subfield code="i">1211669</subfield>
    <subfield code="k">unfs</subfield>
    <subfield code="c">c. 1</subfield>
    <subfield code="l">DHL</subfield>
    <subfield code="z">t</subfield>
    <subfield code="m">14day</subfield>
    <subfield code="d">20040426000000</subfield>
  </datafield>
  <datafield tag="949" ind1=" " ind2=" ">
    <subfield code="9">S/2004/314</subfield>
    <subfield code="b">1211668.2.1</subfield>
    <subfield code="i">1211668</subfield>
    <subfield code="k">uncs</subfield>
    <subfield code="c">c. 1</subfield>
    <subfield code="l">DHL</subfield>
    <subfield code="z">t</subfield>
    <subfield code="m">14day</subfield>
    <subfield code="d">20040426000000</subfield>
  </datafield>
  <datafield tag="949" ind1=" " ind2=" ">
    <subfield code="9">S/2004/314</subfield>
    <subfield code="b">1211670.4.1</subfield>
    <subfield code="i">1211670</subfield>
    <subfield code="k">unrs</subfield>
    <subfield code="c">c. 1</subfield>
    <subfield code="l">DHL</subfield>
    <subfield code="z">t</subfield>
    <subfield code="m">14day</subfield>
    <subfield code="d">20040426000000</subfield>
  </datafield>
  <datafield tag="949" ind1=" " ind2=" ">
    <subfield code="9">S/2004/314</subfield>
    <subfield code="b">1211667.1.1</subfield>
    <subfield code="i">1211667</subfield>
    <subfield code="k">unas</subfield>
    <subfield code="c">c. 1</subfield>
    <subfield code="l">DHL</subfield>
    <subfield code="z">t</subfield>
    <subfield code="m">14day</subfield>
    <subfield code="d">20040426000000</subfield>
  </datafield>
  <datafield tag="949" ind1=" " ind2=" ">
    <subfield code="9">S/2004/314</subfield>
    <subfield code="b">1211671.5.1</subfield>
    <subfield code="i">1211671</subfield>
    <subfield code="k">unss</subfield>
    <subfield code="c">c. 1</subfield>
    <subfield code="l">DHL</subfield>
    <subfield code="z">t</subfield>
    <subfield code="m">14day</subfield>
    <subfield code="d">20040426000000</subfield>
  </datafield>
  <datafield tag="980" ind1=" " ind2=" ">
    <subfield code="a">BIB</subfield>
  </datafield>
  <datafield tag="981" ind1=" " ind2=" ">
    <subfield code="a">Security Council</subfield>
  </datafield>
  <datafield tag="989" ind1=" " ind2=" ">
    <subfield code="a">Documents and Publications</subfield>
    <subfield code="b">Draft Resolutions and Decisions</subfield>
  </datafield>
  <datafield tag="991" ind1="3" ind2=" ">
    <subfield code="a">S/59</subfield>
    <subfield code="b">[187]</subfield>
    <subfield code="d">CHILDREN IN ARMED CONFLICTS</subfield>
    <subfield code="z">I0182097</subfield>
    <subfield code="0">(DHLAUTH)653582</subfield>
  </datafield>
  <datafield tag="993" ind1="1" ind2=" ">
    <subfield code="a">S/RES/1539(2004)</subfield>
  </datafield>
  <datafield tag="998" ind1=" " ind2=" ">
    <subfield code="a">20040426094500</subfield>
    <subfield code="b">ia25</subfield>
    <subfield code="c">20210714154500</subfield>
    <subfield code="d">sh35cat</subfield>
    <subfield code="x">0x00010000c3d4f12e</subfield>
    <subfield code="z">20210715124252</subfield>
  </datafield>
  <datafield tag="999" ind1=" " ind2=" ">
    <subfield code="a">SLt20040427</subfield>
    <subfield code="b">20040427</subfield>
    <subfield code="c">t</subfield>
  </datafield>
  <datafield tag="999" ind1=" " ind2=" ">
    <subfield code="a">acc20040426</subfield>
    <subfield code="b">20040426</subfield>
    <subfield code="c">c</subfield>
  </datafield>
  <datafield tag="999" ind1=" " ind2=" ">
    <subfield code="a">acp20040426</subfield>
    <subfield code="b">20040426</subfield>
    <subfield code="c">p</subfield>
  </datafield>
  <datafield tag="999" ind1=" " ind2=" ">
    <subfield code="a">iaq20040426</subfield>
    <subfield code="b">20040426</subfield>
    <subfield code="c">q</subfield>
  </datafield>
  <datafield tag="999" ind1=" " ind2=" ">
    <subfield code="a">mou20210416</subfield>
    <subfield code="b">20210416</subfield>
    <subfield code="c">u</subfield>
  </datafield>
</record>