
<record>
  <controlfield tag="000">01183cam\\2200397#\\4500</controlfield>
  <controlfield tag="001">254064</controlfield>
  <controlfield tag="005">20191031113752.0</controlfield>
  <controlfield tag="008">980515s1998\\\\usa\\\\\r\\\\\\\\\\\eng\u</controlfield>
  <datafield tag="029" ind1=" " ind2=" ">
    <subfield code="a">JN</subfield>
    <subfield code="b">N9813210 E</subfield>
  </datafield>
  <datafield tag="035" ind1=" " ind2=" ">
    <subfield code="a">D439852X</subfield>
    <subfield code="z">D0222039</subfield>
  </datafield>
  <datafield tag="035" ind1=" " ind2=" ">
    <subfield code="a">(DHL)439852</subfield>
  </datafield>
  <datafield tag="039" ind1=" " ind2=" ">
    <subfield code="a">DHU</subfield>
  </datafield>
  <datafield tag="040" ind1=" " ind2=" ">
    <subfield code="a">NNUN</subfield>
    <subfield code="b">eng</subfield>
  </datafield>
  <datafield tag="041" ind1=" " ind2=" ">
    <subfield code="a">arachiengfrerusspa</subfield>
  </datafield>
  <datafield tag="049" ind1=" " ind2=" ">
    <subfield code="a">usa</subfield>
  </datafield>
  <datafield tag="089" ind1=" " ind2=" ">
    <subfield code="a">Reports/letters (UN Secretary-General)</subfield>
    <subfield code="b">B15</subfield>
  </datafield>
  <datafield tag="089" ind1=" " ind2=" ">
    <subfield code="a">Reports/studies</subfield>
    <subfield code="b">B16</subfield>
  </datafield>
  <datafield tag="091" ind1=" " ind2=" ">
    <subfield code="a">GEN</subfield>
  </datafield>
  <datafield tag="099" ind1=" " ind2=" ">
    <subfield code="a">UNH</subfield>
    <subfield code="b">DHU</subfield>
  </datafield>
  <datafield tag="191" ind1=" " ind2=" ">
    <subfield code="0">1033247</subfield>
    <subfield code="9">X00</subfield>
    <subfield code="a">S/1998/375/Add.1</subfield>
    <subfield code="b">S/</subfield>
    <subfield code="c">53</subfield>
    <subfield code="q">S1998375ADD1</subfield>
    <subfield code="r">S53</subfield>
  </datafield>
  <datafield tag="245" ind1="1" ind2="0">
    <subfield code="a">Report of the Secretary-General concerning the situation in Abkhazia, Georgia.</subfield>
  </datafield>
  <datafield tag="249" ind1=" " ind2=" ">
    <subfield code="a">Report concerning the situation in Abkhazia, Georgia : addendum / Secretary-General</subfield>
  </datafield>
  <datafield tag="260" ind1=" " ind2=" ">
    <subfield code="a">[New York] :</subfield>
    <subfield code="b">UN,</subfield>
    <subfield code="c">13 May 1998.</subfield>
  </datafield>
  <datafield tag="269" ind1=" " ind2=" ">
    <subfield code="a">1998-05-13</subfield>
  </datafield>
  <datafield tag="300" ind1=" " ind2=" ">
    <subfield code="a">2 p.</subfield>
  </datafield>
  <datafield tag="610" ind1="2" ind2="7">
    <subfield code="0">912652</subfield>
    <subfield code="a">UN Observer Mission in Georgia</subfield>
  </datafield>
  <datafield tag="650" ind1="0" ind2="7">
    <subfield code="0">1277954</subfield>
    <subfield code="a">PEACEKEEPING OPERATIONS</subfield>
  </datafield>
  <datafield tag="650" ind1="0" ind2="7">
    <subfield code="0">1284184</subfield>
    <subfield code="a">GEORGIA SITUATION</subfield>
  </datafield>
  <datafield tag="650" ind1="0" ind2="7">
    <subfield code="0">1278018</subfield>
    <subfield code="a">MILITARY PERSONNEL</subfield>
  </datafield>
  <datafield tag="650" ind1="0" ind2="7">
    <subfield code="0">1281028</subfield>
    <subfield code="a">CIVILIAN PERSONS</subfield>
  </datafield>
  <datafield tag="650" ind1="0" ind2="7">
    <subfield code="0">1282542</subfield>
    <subfield code="a">FINANCIAL IMPLICATIONS</subfield>
  </datafield>
  <datafield tag="650" ind1="0" ind2="7">
    <subfield code="0">1283726</subfield>
    <subfield code="a">COSTS</subfield>
  </datafield>
  <datafield tag="651" ind1="0" ind2="7">
    <subfield code="0">1276794</subfield>
    <subfield code="a">ABKHAZIA (GEORGIA)</subfield>
  </datafield>
  <datafield tag="651" ind1="0" ind2="7">
    <subfield code="0">1284080</subfield>
    <subfield code="a">GEORGIA</subfield>
  </datafield>
  <datafield tag="710" ind1="2" ind2="0">
    <subfield code="0">864434</subfield>
    <subfield code="a">UN. Secretary-General</subfield>
  </datafield>
  <datafield tag="856" ind1="4" ind2=" ">
    <subfield code="s">60399</subfield>
    <subfield code="u">http://digitallibrary.un.org/record/254064/files/S_1998_375_Add.1-AR.pdf</subfield>
    <subfield code="y">العربية</subfield>
  </datafield>
  <datafield tag="856" ind1="4" ind2=" ">
    <subfield code="s">79318</subfield>
    <subfield code="u">http://digitallibrary.un.org/record/254064/files/S_1998_375_Add.1-ZH.pdf</subfield>
    <subfield code="y">中文</subfield>
  </datafield>
  <datafield tag="856" ind1="4" ind2=" ">
    <subfield code="s">11413</subfield>
    <subfield code="u">http://digitallibrary.un.org/record/254064/files/S_1998_375_Add.1-EN.pdf</subfield>
    <subfield code="y">English</subfield>
  </datafield>
  <datafield tag="856" ind1="4" ind2=" ">
    <subfield code="s">11850</subfield>
    <subfield code="u">http://digitallibrary.un.org/record/254064/files/S_1998_375_Add.1-FR.pdf</subfield>
    <subfield code="y">Français</subfield>
  </datafield>
  <datafield tag="856" ind1="4" ind2=" ">
    <subfield code="s">37330</subfield>
    <subfield code="u">http://digitallibrary.un.org/record/254064/files/S_1998_375_Add.1-RU.pdf</subfield>
    <subfield code="y">Русский</subfield>
  </datafield>
  <datafield tag="856" ind1="4" ind2=" ">
    <subfield code="s">11594</subfield>
    <subfield code="u">http://digitallibrary.un.org/record/254064/files/S_1998_375_Add.1-ES.pdf</subfield>
    <subfield code="y">Español</subfield>
  </datafield>
  <datafield tag="930" ind1=" " ind2=" ">
    <subfield code="a">UNDMY98</subfield>
  </datafield>
  <datafield tag="930" ind1=" " ind2=" ">
    <subfield code="a">UDIQ298</subfield>
  </datafield>
  <datafield tag="930" ind1=" " ind2=" ">
    <subfield code="a">UPDQ499</subfield>
  </datafield>
  <datafield tag="949" ind1=" " ind2=" ">
    <subfield code="9">S/1998/735/Add.1</subfield>
    <subfield code="b">531564.7.1</subfield>
    <subfield code="c">c. 1</subfield>
    <subfield code="d">19980514200000</subfield>
    <subfield code="i">531564</subfield>
    <subfield code="k">unss</subfield>
    <subfield code="l">DHL</subfield>
    <subfield code="m">vcirc</subfield>
    <subfield code="z">t</subfield>
  </datafield>
  <datafield tag="949" ind1=" " ind2=" ">
    <subfield code="9">S/1998/735/Add.1</subfield>
    <subfield code="b">531562.5.1</subfield>
    <subfield code="c">c. 1</subfield>
    <subfield code="d">19980514200000</subfield>
    <subfield code="i">531562</subfield>
    <subfield code="k">unfs</subfield>
    <subfield code="l">DHL</subfield>
    <subfield code="m">vcirc</subfield>
    <subfield code="z">t</subfield>
  </datafield>
  <datafield tag="949" ind1=" " ind2=" ">
    <subfield code="9">S/1998/735/Add.1</subfield>
    <subfield code="b">531561.4.1</subfield>
    <subfield code="c">c. 1</subfield>
    <subfield code="d">19980514200000</subfield>
    <subfield code="i">531561</subfield>
    <subfield code="k">uncs</subfield>
    <subfield code="l">DHL</subfield>
    <subfield code="m">vcirc</subfield>
    <subfield code="z">t</subfield>
  </datafield>
  <datafield tag="949" ind1=" " ind2=" ">
    <subfield code="9">S/1998/735/Add.1</subfield>
    <subfield code="b">531563.6.1</subfield>
    <subfield code="c">c. 1</subfield>
    <subfield code="d">19980514200000</subfield>
    <subfield code="i">531563</subfield>
    <subfield code="k">unrs</subfield>
    <subfield code="l">DHL</subfield>
    <subfield code="m">vcirc</subfield>
    <subfield code="z">t</subfield>
  </datafield>
  <datafield tag="949" ind1=" " ind2=" ">
    <subfield code="9">S/1998/735/Add.1</subfield>
    <subfield code="b">4398521</subfield>
    <subfield code="c">c. 1</subfield>
    <subfield code="d">19980514200000</subfield>
    <subfield code="i">531558</subfield>
    <subfield code="k">unes</subfield>
    <subfield code="l">DHL</subfield>
    <subfield code="m">vcirc</subfield>
    <subfield code="z">t</subfield>
  </datafield>
  <datafield tag="949" ind1=" " ind2=" ">
    <subfield code="9">S/1998/735/Add.1</subfield>
    <subfield code="b">531559.2.1</subfield>
    <subfield code="c">c. 2</subfield>
    <subfield code="d">19980514200000</subfield>
    <subfield code="i">531559</subfield>
    <subfield code="k">unes</subfield>
    <subfield code="l">DHL</subfield>
    <subfield code="m">vcirc</subfield>
    <subfield code="z">t</subfield>
  </datafield>
  <datafield tag="949" ind1=" " ind2=" ">
    <subfield code="9">S/1998/735/Add.1</subfield>
    <subfield code="b">531560.3.1</subfield>
    <subfield code="c">c. 1</subfield>
    <subfield code="d">19980514200000</subfield>
    <subfield code="i">531560</subfield>
    <subfield code="k">unas</subfield>
    <subfield code="l">DHL</subfield>
    <subfield code="m">vcirc</subfield>
    <subfield code="z">t</subfield>
  </datafield>
  <datafield tag="980" ind1=" " ind2=" ">
    <subfield code="a">BIB</subfield>
  </datafield>
  <datafield tag="981" ind1=" " ind2=" ">
    <subfield code="a">Security Council</subfield>
  </datafield>
  <datafield tag="989" ind1=" " ind2=" ">
    <subfield code="a">Documents and Publications</subfield>
    <subfield code="b">Reports</subfield>
    <subfield code="c">Secretary-General's Reports</subfield>
  </datafield>
  <datafield tag="991" ind1="3" ind2=" ">
    <subfield code="a">S/53</subfield>
    <subfield code="b">[87]</subfield>
    <subfield code="d">GEORGIA SITUATION</subfield>
    <subfield code="z">I0131272</subfield>
    <subfield code="0">(DHLAUTH)480718</subfield>
  </datafield>
  <datafield tag="998" ind1=" " ind2=" ">
    <subfield code="a">19980515063200</subfield>
    <subfield code="b">cat</subfield>
    <subfield code="c">20160728064800</subfield>
    <subfield code="d">shkcat</subfield>
  </datafield>
</record>