
<record>
  <controlfield tag="000">01217cam\\2200409#a\4500</controlfield>
  <controlfield tag="001">506359</controlfield>
  <controlfield tag="005">20190821182300.0</controlfield>
  <controlfield tag="008">031118c2003\\\\sle\\\\\r\\\\\00010\eng\d</controlfield>
  <datafield tag="035" ind1=" " ind2=" ">
    <subfield code="a">D723907X</subfield>
    <subfield code="z">D0299977</subfield>
  </datafield>
  <datafield tag="035" ind1=" " ind2=" ">
    <subfield code="a">(DHL)723907</subfield>
  </datafield>
  <datafield tag="039" ind1=" " ind2=" ">
    <subfield code="a">DHU</subfield>
  </datafield>
  <datafield tag="040" ind1=" " ind2=" ">
    <subfield code="a">NNUN</subfield>
    <subfield code="b">eng</subfield>
  </datafield>
  <datafield tag="041" ind1=" " ind2=" ">
    <subfield code="a">eng</subfield>
  </datafield>
  <datafield tag="049" ind1=" " ind2=" ">
    <subfield code="a">SLE</subfield>
  </datafield>
  <datafield tag="089" ind1=" " ind2=" ">
    <subfield code="b">B16</subfield>
  </datafield>
  <datafield tag="091" ind1=" " ind2=" ">
    <subfield code="a">GER</subfield>
  </datafield>
  <datafield tag="099" ind1=" " ind2=" ">
    <subfield code="a">UNH</subfield>
    <subfield code="b">DHU</subfield>
    <subfield code="c">UNAMSIL(05)/R454/Apr.2003</subfield>
    <subfield code="q">UNAMSIL05R454APR2003</subfield>
  </datafield>
  <datafield tag="191" ind1=" " ind2=" ">
    <subfield code="0">1138753</subfield>
    <subfield code="a">***</subfield>
    <subfield code="b">UNAMSIL/</subfield>
    <subfield code="f">3.3926</subfield>
    <subfield code="r">UNAMSIL</subfield>
  </datafield>
  <datafield tag="245" ind1="1" ind2="0">
    <subfield code="a">UNAMSIL Review :</subfield>
    <subfield code="b">a publication of the United Nations Mission in Sierra Leone, Apr. 2003</subfield>
  </datafield>
  <datafield tag="260" ind1=" " ind2=" ">
    <subfield code="a">Freetown :</subfield>
    <subfield code="b">UNAMSIL,</subfield>
    <subfield code="c">[2003]</subfield>
  </datafield>
  <datafield tag="269" ind1=" " ind2=" ">
    <subfield code="a">2003</subfield>
  </datafield>
  <datafield tag="300" ind1=" " ind2=" ">
    <subfield code="a">38 p. :</subfield>
    <subfield code="b">ill.</subfield>
  </datafield>
  <datafield tag="610" ind1="2" ind2="4">
    <subfield code="0">1071165</subfield>
    <subfield code="a">UN Mission in Sierra Leone</subfield>
  </datafield>
  <datafield tag="650" ind1="1" ind2="7">
    <subfield code="0">1277954</subfield>
    <subfield code="2">unbist</subfield>
    <subfield code="a">PEACEKEEPING OPERATIONS</subfield>
  </datafield>
  <datafield tag="650" ind1="1" ind2="7">
    <subfield code="0">1284084</subfield>
    <subfield code="2">unbist</subfield>
    <subfield code="a">PEACEBUILDING</subfield>
  </datafield>
  <datafield tag="650" ind1="2" ind2="7">
    <subfield code="0">1281005</subfield>
    <subfield code="a">HUMANITARIAN ASSISTANCE</subfield>
  </datafield>
  <datafield tag="650" ind1="2" ind2="7">
    <subfield code="0">1278018</subfield>
    <subfield code="2">unbist</subfield>
    <subfield code="a">MILITARY PERSONNEL</subfield>
  </datafield>
  <datafield tag="650" ind1="2" ind2="7">
    <subfield code="0">1280063</subfield>
    <subfield code="2">unbist</subfield>
    <subfield code="a">CHILDREN</subfield>
  </datafield>
  <datafield tag="650" ind1="2" ind2="7">
    <subfield code="0">1283613</subfield>
    <subfield code="a">NEWSLETTERS</subfield>
  </datafield>
  <datafield tag="651" ind1="1" ind2="7">
    <subfield code="0">1282118</subfield>
    <subfield code="2">unbist</subfield>
    <subfield code="a">SIERRA LEONE</subfield>
  </datafield>
  <datafield tag="710" ind1="2" ind2=" ">
    <subfield code="0">1071165</subfield>
    <subfield code="a">UN Mission in Sierra Leone</subfield>
  </datafield>
  <datafield tag="740" ind1=" " ind2=" ">
    <subfield code="a">UNAMSIL Review. Apr. 2003</subfield>
  </datafield>
  <datafield tag="740" ind1=" " ind2=" ">
    <subfield code="a">Challenges of peace</subfield>
  </datafield>
  <datafield tag="930" ind1=" " ind2=" ">
    <subfield code="a">UNDNO03</subfield>
  </datafield>
  <datafield tag="930" ind1=" " ind2=" ">
    <subfield code="a">UDIQ303</subfield>
    <subfield code="b">3.3926</subfield>
  </datafield>
  <datafield tag="930" ind1=" " ind2=" ">
    <subfield code="a">PBP</subfield>
  </datafield>
  <datafield tag="949" ind1=" " ind2=" ">
    <subfield code="9">UNAMSIL(05)/R454/Apr.2003</subfield>
    <subfield code="b">1174347.1.1</subfield>
    <subfield code="c">c. 2</subfield>
    <subfield code="d">20031117190000</subfield>
    <subfield code="i">1174347</subfield>
    <subfield code="k">uneu</subfield>
    <subfield code="l">DHL</subfield>
    <subfield code="m">14day</subfield>
    <subfield code="z">t</subfield>
  </datafield>
  <datafield tag="949" ind1=" " ind2=" ">
    <subfield code="9">UNAMSIL(05)/R454/Apr.2003</subfield>
    <subfield code="b">7239071</subfield>
    <subfield code="c">c. 1</subfield>
    <subfield code="d">20031117190000</subfield>
    <subfield code="i">1174346</subfield>
    <subfield code="k">uneu</subfield>
    <subfield code="l">DHL</subfield>
    <subfield code="m">14day</subfield>
    <subfield code="z">t</subfield>
  </datafield>
  <datafield tag="980" ind1=" " ind2=" ">
    <subfield code="a">BIB</subfield>
  </datafield>
  <datafield tag="989" ind1=" " ind2=" ">
    <subfield code="a">Documents and Publications</subfield>
    <subfield code="b">Reports</subfield>
  </datafield>
  <datafield tag="998" ind1=" " ind2=" ">
    <subfield code="a">20031118043700</subfield>
    <subfield code="b">accs</subfield>
    <subfield code="c">20160728064800</subfield>
    <subfield code="d">shkcat</subfield>
  </datafield>
  <datafield tag="999" ind1=" " ind2=" ">
    <subfield code="a">SLr20031202</subfield>
    <subfield code="b">20031202</subfield>
    <subfield code="c">r</subfield>
  </datafield>
  <datafield tag="999" ind1=" " ind2=" ">
    <subfield code="a">acc20031201</subfield>
    <subfield code="b">20031201</subfield>
    <subfield code="c">c</subfield>
  </datafield>
  <datafield tag="999" ind1=" " ind2=" ">
    <subfield code="a">lcp20031126</subfield>
    <subfield code="b">20031126</subfield>
    <subfield code="c">p</subfield>
  </datafield>
  <datafield tag="999" ind1=" " ind2=" ">
    <subfield code="a">abcp20031118</subfield>
    <subfield code="b">20031118</subfield>
    <subfield code="c">p</subfield>
  </datafield>
</record>