
<record>
  <controlfield tag="000">02671cam\\2200757#\\4500</controlfield>
  <controlfield tag="001">226424</controlfield>
  <controlfield tag="005">20220625225958.0</controlfield>
  <controlfield tag="008">940304s1994\\\\che\\\\\r\\\\\\\\\\\eng\u</controlfield>
  <datafield tag="029" ind1=" " ind2=" ">
    <subfield code="a">JN</subfield>
    <subfield code="b">G9411278 E</subfield>
  </datafield>
  <datafield tag="035" ind1=" " ind2=" ">
    <subfield code="a">D402328X</subfield>
    <subfield code="z">D9522804</subfield>
  </datafield>
  <datafield tag="035" ind1=" " ind2=" ">
    <subfield code="a">(DHL)402328</subfield>
  </datafield>
  <datafield tag="039" ind1=" " ind2=" ">
    <subfield code="a">GUN</subfield>
  </datafield>
  <datafield tag="040" ind1=" " ind2=" ">
    <subfield code="a">SzGeBNU</subfield>
    <subfield code="b">eng</subfield>
  </datafield>
  <datafield tag="041" ind1=" " ind2=" ">
    <subfield code="a">arachiengfrerusspa</subfield>
  </datafield>
  <datafield tag="049" ind1=" " ind2=" ">
    <subfield code="a">che</subfield>
  </datafield>
  <datafield tag="069" ind1=" " ind2=" ">
    <subfield code="a">HUR</subfield>
    <subfield code="b">0102</subfield>
  </datafield>
  <datafield tag="069" ind1=" " ind2=" ">
    <subfield code="a">HUR</subfield>
    <subfield code="b">1005</subfield>
  </datafield>
  <datafield tag="089" ind1=" " ind2=" ">
    <subfield code="a">Reports/studies</subfield>
    <subfield code="b">B16</subfield>
  </datafield>
  <datafield tag="089" ind1=" " ind2=" ">
    <subfield code="a">Letters (not UN Secretary-General)</subfield>
    <subfield code="b">B18</subfield>
  </datafield>
  <datafield tag="091" ind1=" " ind2=" ">
    <subfield code="a">GEN</subfield>
  </datafield>
  <datafield tag="099" ind1=" " ind2=" ">
    <subfield code="a">UNG</subfield>
    <subfield code="b">GUN</subfield>
  </datafield>
  <datafield tag="191" ind1=" " ind2=" ">
    <subfield code="a">E/CN.4/1994/73</subfield>
    <subfield code="b">E/CN.4/</subfield>
    <subfield code="c">50</subfield>
    <subfield code="d">E/CN.4/</subfield>
    <subfield code="e">1994/73</subfield>
    <subfield code="f">005485</subfield>
    <subfield code="q">ECN4199473</subfield>
    <subfield code="r">ECN450</subfield>
    <subfield code="0">(DHLAUTH)426600</subfield>
  </datafield>
  <datafield tag="245" ind1="1" ind2="2">
    <subfield code="a">A continued United Nations human rights presence in Cambodia :</subfield>
    <subfield code="b">report of the Special Representative of the Secretary-General, Michael Kirby (Australia), on the situation of human rights in Cambodia, submitted in accordance with Commission resolution 1993/6.</subfield>
  </datafield>
  <datafield tag="260" ind1=" " ind2=" ">
    <subfield code="a">Geneva :</subfield>
    <subfield code="b">UN,</subfield>
    <subfield code="c">24 Feb. 1994.</subfield>
  </datafield>
  <datafield tag="269" ind1=" " ind2=" ">
    <subfield code="a">1994-02-24</subfield>
  </datafield>
  <datafield tag="300" ind1=" " ind2=" ">
    <subfield code="a">69 p.</subfield>
  </datafield>
  <datafield tag="500" ind1=" " ind2=" ">
    <subfield code="a">Includes letter from Cambodia dated 6 Nov. 1993 on cooperation with the Special Representative and the Centre for Human Rights.</subfield>
  </datafield>
  <datafield tag="610" ind1="2" ind2="7">
    <subfield code="a">UN Transitional Authority in Cambodia</subfield>
    <subfield code="0">(DHLAUTH)166715</subfield>
  </datafield>
  <datafield tag="610" ind1="2" ind2="7">
    <subfield code="a">UN Transitional Authority in Cambodia. Human Rights Component</subfield>
    <subfield code="0">(DHLAUTH)211287</subfield>
  </datafield>
  <datafield tag="610" ind1="2" ind2="7">
    <subfield code="a">UN. Centre for Human Rights</subfield>
    <subfield code="0">(DHLAUTH)14027</subfield>
  </datafield>
  <datafield tag="610" ind1="2" ind2="7">
    <subfield code="a">UN Human Rights Field Office in Cambodia</subfield>
    <subfield code="0">(DHLAUTH)260475</subfield>
  </datafield>
  <datafield tag="630" ind1="0" ind2="7">
    <subfield code="a">Agreement on a Comprehensive Political Settlement of the Cambodia Conflict (1991)</subfield>
    <subfield code="0">(DHLAUTH)191949</subfield>
  </datafield>
  <datafield tag="650" ind1="0" ind2="7">
    <subfield code="a">HUMAN RIGHTS</subfield>
    <subfield code="0">(DHLAUTH)274431</subfield>
  </datafield>
  <datafield tag="650" ind1="0" ind2="7">
    <subfield code="a">POLITICAL CONDITIONS</subfield>
    <subfield code="0">(DHLAUTH)268326</subfield>
  </datafield>
  <datafield tag="650" ind1="0" ind2="7">
    <subfield code="a">PEACEKEEPING OPERATIONS</subfield>
    <subfield code="0">(DHLAUTH)474428</subfield>
  </datafield>
  <datafield tag="650" ind1="0" ind2="7">
    <subfield code="a">ADMINISTRATION OF JUSTICE</subfield>
    <subfield code="0">(DHLAUTH)269125</subfield>
  </datafield>
  <datafield tag="650" ind1="0" ind2="7">
    <subfield code="a">HUMAN RIGHTS EDUCATION</subfield>
    <subfield code="0">(DHLAUTH)274172</subfield>
  </datafield>
  <datafield tag="650" ind1="0" ind2="7">
    <subfield code="a">POLITICAL VIOLENCE</subfield>
    <subfield code="0">(DHLAUTH)268231</subfield>
  </datafield>
  <datafield tag="650" ind1="0" ind2="7">
    <subfield code="a">PRISONER TREATMENT</subfield>
    <subfield code="0">(DHLAUTH)268492</subfield>
  </datafield>
  <datafield tag="650" ind1="0" ind2="7">
    <subfield code="a">ELECTIONS</subfield>
    <subfield code="0">(DHLAUTH)268341</subfield>
  </datafield>
  <datafield tag="650" ind1="0" ind2="7">
    <subfield code="a">CONSTITUTIONS</subfield>
    <subfield code="0">(DHLAUTH)268316</subfield>
  </datafield>
  <datafield tag="650" ind1="0" ind2="7">
    <subfield code="a">CRIMINAL PROCEDURE</subfield>
    <subfield code="0">(DHLAUTH)269155</subfield>
  </datafield>
  <datafield tag="650" ind1="0" ind2="7">
    <subfield code="a">LAWS AND REGULATIONS</subfield>
    <subfield code="0">(DHLAUTH)268352</subfield>
  </datafield>
  <datafield tag="650" ind1="0" ind2="7">
    <subfield code="a">RECONSTRUCTION</subfield>
    <subfield code="0">(DHLAUTH)268666</subfield>
  </datafield>
  <datafield tag="650" ind1="0" ind2="7">
    <subfield code="a">ECONOMIC, SOCIAL AND CULTURAL RIGHTS</subfield>
    <subfield code="0">(DHLAUTH)273561</subfield>
  </datafield>
  <datafield tag="650" ind1="0" ind2="7">
    <subfield code="a">CIVIL AND POLITICAL RIGHTS</subfield>
    <subfield code="0">(DHLAUTH)269028</subfield>
  </datafield>
  <datafield tag="650" ind1="0" ind2="7">
    <subfield code="a">WOMEN'S RIGHTS</subfield>
    <subfield code="0">(DHLAUTH)273161</subfield>
  </datafield>
  <datafield tag="650" ind1="0" ind2="7">
    <subfield code="a">WOMEN'S STATUS</subfield>
    <subfield code="0">(DHLAUTH)269378</subfield>
  </datafield>
  <datafield tag="650" ind1="0" ind2="7">
    <subfield code="a">CHILDREN</subfield>
    <subfield code="0">(DHLAUTH)269400</subfield>
  </datafield>
  <datafield tag="650" ind1="0" ind2="7">
    <subfield code="a">MINORITIES</subfield>
    <subfield code="0">(DHLAUTH)273128</subfield>
  </datafield>
  <datafield tag="650" ind1="0" ind2="7">
    <subfield code="a">ETHNIC AND RACIAL GROUPS</subfield>
    <subfield code="0">(DHLAUTH)273229</subfield>
  </datafield>
  <datafield tag="650" ind1="0" ind2="7">
    <subfield code="a">DISPLACED PERSONS</subfield>
    <subfield code="0">(DHLAUTH)273028</subfield>
  </datafield>
  <datafield tag="650" ind1="0" ind2="7">
    <subfield code="a">PERSONS WITH DISABILITIES</subfield>
    <subfield code="0">(DHLAUTH)273918</subfield>
  </datafield>
  <datafield tag="650" ind1="0" ind2="7">
    <subfield code="a">HUMAN RIGHTS ADVANCEMENT</subfield>
    <subfield code="0">(DHLAUTH)274478</subfield>
  </datafield>
  <datafield tag="650" ind1="0" ind2="7">
    <subfield code="a">ADVISORY SERVICES</subfield>
    <subfield code="0">(DHLAUTH)269860</subfield>
  </datafield>
  <datafield tag="650" ind1="0" ind2="7">
    <subfield code="a">TECHNICAL COOPERATION</subfield>
    <subfield code="0">(DHLAUTH)268658</subfield>
  </datafield>
  <datafield tag="650" ind1="0" ind2="7">
    <subfield code="a">CAMBODIA</subfield>
    <subfield code="0">(DHLAUTH)269057</subfield>
  </datafield>
  <datafield tag="650" ind1="0" ind2="7">
    <subfield code="a">HUMAN RIGHTS VIOLATIONS</subfield>
    <subfield code="0">(DHLAUTH)274435</subfield>
  </datafield>
  <datafield tag="650" ind1="0" ind2="7">
    <subfield code="a">SPECIAL MISSIONS</subfield>
    <subfield code="0">(DHLAUTH)268296</subfield>
  </datafield>
  <datafield tag="650" ind1="0" ind2="7">
    <subfield code="a">FIELD OFFICES</subfield>
    <subfield code="0">(DHLAUTH)275826</subfield>
  </datafield>

  <datafield tag="700" ind1="1" ind2="0">
    <subfield code="a">Kirby, Michael G. (Michael Gerard)</subfield>
    <subfield code="0">(DHLAUTH)248064</subfield>
  </datafield>
  <datafield tag="710" ind1="2" ind2="0">
    <subfield code="a">UN. Special Representative on the Situation of Human Rights in Cambodia</subfield>
    <subfield code="0">(DHLAUTH)222647</subfield>
  </datafield>
  <datafield tag="710" ind1="2" ind2="0">
    <subfield code="a">Cambodia</subfield>
    <subfield code="9">ms</subfield>
    <subfield code="0">(DHLAUTH)72150</subfield>
  </datafield>
  <datafield tag="830" ind1="0" ind2=" ">
    <subfield code="a">Report of the Special Rapporteur on the Situation of Human Rights in Cambodia</subfield>
    <subfield code="0">(DHLAUTH)887667</subfield>
  </datafield>
  <datafield tag="830" ind1="0" ind2=" ">
    <subfield code="a">Report of the Special Procedure of the Commission on Human Rights</subfield>
    <subfield code="0">(DHLAUTH)887660</subfield>
  </datafield>
  <datafield tag="856" ind1="4" ind2=" ">
    <subfield code="y">العربية</subfield>
    <subfield code="9">e5632421-87ef-4917-b11d-2a714011e37e</subfield>
    <subfield code="s">283962</subfield>
    <subfield code="u">https://digitallibrary.un.org/record/226424/files/E_CN-4_1994_73-AR.pdf</subfield>
  </datafield>
  <datafield tag="856" ind1="4" ind2=" ">
    <subfield code="y">English</subfield>
    <subfield code="9">adb95866-e25b-4d3f-9066-e1ecd1eb6bb8</subfield>
    <subfield code="s">3839668</subfield>
    <subfield code="u">https://digitallibrary.un.org/record/226424/files/E_CN-4_1994_73-EN.pdf</subfield>
  </datafield>
  <datafield tag="856" ind1="4" ind2=" ">
    <subfield code="y">Español</subfield>
    <subfield code="9">55fd9588-9869-4dd8-859b-0b38f39207a0</subfield>
    <subfield code="s">171024</subfield>
    <subfield code="u">https://digitallibrary.un.org/record/226424/files/E_CN-4_1994_73-ES.pdf</subfield>
  </datafield>
  <datafield tag="856" ind1="4" ind2=" ">
    <subfield code="y">Français</subfield>
    <subfield code="9">8af93019-fa45-4e96-b0f8-71f075fb878e</subfield>
    <subfield code="s">159904</subfield>
    <subfield code="u">https://digitallibrary.un.org/record/226424/files/E_CN-4_1994_73-FR.pdf</subfield>
  </datafield>
  <datafield tag="856" ind1="4" ind2=" ">
    <subfield code="y">Русский</subfield>
    <subfield code="9">96598500-ab6d-4704-ae4d-2446e2cc30ce</subfield>
    <subfield code="s">4589781</subfield>
    <subfield code="u">https://digitallibrary.un.org/record/226424/files/E_CN-4_1994_73-RU.pdf</subfield>
  </datafield>
  <datafield tag="856" ind1="4" ind2=" ">
    <subfield code="y">中文</subfield>
    <subfield code="9">bc2bdddb-a25a-4ac7-bcbe-a4affaf328a1</subfield>
    <subfield code="s">4007968</subfield>
    <subfield code="u">https://digitallibrary.un.org/record/226424/files/E_CN-4_1994_73-ZH.pdf</subfield>
  </datafield>
  <datafield tag="930" ind1=" " ind2=" ">
    <subfield code="a">UNDJUL94</subfield>
  </datafield>
  <datafield tag="930" ind1=" " ind2=" ">
    <subfield code="a">HUR</subfield>
    <subfield code="b">000203</subfield>
  </datafield>
  <datafield tag="930" ind1=" " ind2=" ">
    <subfield code="a">CHCMAR94</subfield>
  </datafield>
  <datafield tag="949" ind1=" " ind2=" ">
    <subfield code="9">E/CN.4/1994/73</subfield>
    <subfield code="b">mq480776</subfield>
    <subfield code="i">480776</subfield>
    <subfield code="k">gun</subfield>
    <subfield code="l">UNOG</subfield>
    <subfield code="z">i</subfield>
    <subfield code="m">unog</subfield>
    <subfield code="d">19970727200000</subfield>
  </datafield>
  <datafield tag="955" ind1=" " ind2=" ">
    <subfield code="a">11446600</subfield>
  </datafield>
  <datafield tag="981" ind1=" " ind2=" ">
    <subfield code="a">Economic and Social Council</subfield>
  </datafield>
  <datafield tag="981" ind1=" " ind2=" ">
    <subfield code="a">Human Rights Bodies</subfield>
    <subfield code="b">Charter-Based Human Rights Bodies</subfield>
    <subfield code="c">Commission on Human Rights</subfield>
  </datafield>
  <datafield tag="989" ind1=" " ind2=" ">
    <subfield code="a">Documents and Publications</subfield>
    <subfield code="b">Letters and Notes Verbales</subfield>
  </datafield>
  <datafield tag="989" ind1=" " ind2=" ">
    <subfield code="a">Documents and Publications</subfield>
    <subfield code="b">Reports</subfield>
  </datafield>
  <datafield tag="991" ind1=" " ind2=" ">
    <subfield code="a">E/CN.4/1994/1</subfield>
    <subfield code="b">19</subfield>
    <subfield code="c">Advisory services in the field of human rights.</subfield>
    <subfield code="0">(DHLAUTH)434193</subfield>
  </datafield>
  <datafield tag="998" ind1=" " ind2=" ">
    <subfield code="a">19970729000000</subfield>
    <subfield code="c">20220624111700</subfield>
    <subfield code="d">sh35cat</subfield>
    <subfield code="x">0x00010000c6b3ad1a</subfield>
    <subfield code="z">20220624152232</subfield>
  </datafield>
  <datafield tag="999" ind1=" " ind2=" ">
    <subfield code="a">shku20170914</subfield>
    <subfield code="b">20170914</subfield>
    <subfield code="c">u</subfield>
  </datafield>
</record>