
<record>
  <controlfield tag="000">02919cam a2200817#a 4500</controlfield>
  <controlfield tag="001">486224</controlfield>
  <controlfield tag="005">20210715212720.0</controlfield>
  <controlfield tag="008">030203c2003    usa     r     00010 eng d</controlfield>
  <datafield tag="029" ind1=" " ind2=" ">
    <subfield code="a">JN</subfield>
    <subfield code="b">N0323104 E</subfield>
  </datafield>
  <datafield tag="035" ind1=" " ind2=" ">
    <subfield code="a">D700746X</subfield>
    <subfield code="z">D0287601</subfield>
  </datafield>
  <datafield tag="035" ind1=" " ind2=" ">
    <subfield code="a">(DHL)700746</subfield>
  </datafield>
  <datafield tag="039" ind1=" " ind2=" ">
    <subfield code="a">DHU</subfield>
  </datafield>
  <datafield tag="040" ind1=" " ind2=" ">
    <subfield code="a">NNUN</subfield>
    <subfield code="b">eng</subfield>
  </datafield>
  <datafield tag="041" ind1="0" ind2=" ">
    <subfield code="a">arachiengfrerusspa</subfield>
  </datafield>
  <datafield tag="049" ind1=" " ind2=" ">
    <subfield code="a">USA</subfield>
  </datafield>
  <datafield tag="069" ind1=" " ind2=" ">
    <subfield code="a">HUR</subfield>
    <subfield code="b">07024</subfield>
  </datafield>
  <datafield tag="089" ind1=" " ind2=" ">
    <subfield code="b">B02</subfield>
  </datafield>
  <datafield tag="091" ind1=" " ind2=" ">
    <subfield code="a">GEN</subfield>
  </datafield>
  <datafield tag="099" ind1=" " ind2=" ">
    <subfield code="a">UNH</subfield>
    <subfield code="b">DHU</subfield>
  </datafield>
  <datafield tag="191" ind1=" " ind2=" ">
    <subfield code="a">S/2003/112</subfield>
    <subfield code="b">S/</subfield>
    <subfield code="c">58</subfield>
    <subfield code="9">X10</subfield>
    <subfield code="f">4.2881</subfield>
    <subfield code="q">S2003112</subfield>
    <subfield code="r">S58</subfield>
    <subfield code="0">(DHLAUTH)635335</subfield>
  </datafield>
  <datafield tag="239" ind1="1" ind2="0">
    <subfield code="a">Draft resolution [on children in armed conflict]</subfield>
  </datafield>
  <datafield tag="245" ind1="1" ind2="0">
    <subfield code="a">Draft resolution</subfield>
  </datafield>
  <datafield tag="260" ind1=" " ind2=" ">
    <subfield code="a">[New York] :</subfield>
    <subfield code="b">UN,</subfield>
    <subfield code="c">29 Jan. 2003</subfield>
  </datafield>
  <datafield tag="269" ind1=" " ind2=" ">
    <subfield code="a">2003-01-29</subfield>
  </datafield>
  <datafield tag="300" ind1=" " ind2=" ">
    <subfield code="a">3 p.</subfield>
  </datafield>
  <datafield tag="610" ind1="2" ind2="7">
    <subfield code="a">UN. Special Representative of the Secretary-General for Children and Armed Conflict</subfield>
    <subfield code="2">unbisn</subfield>
    <subfield code="0">(DHLAUTH)487289</subfield>
  </datafield>
  <datafield tag="610" ind1="2" ind2="7">
    <subfield code="a">Inter-Agency Standing Committee</subfield>
    <subfield code="2">unbisn</subfield>
    <subfield code="0">(DHLAUTH)223137</subfield>
  </datafield>
  <datafield tag="630" ind1="0" ind2="7">
    <subfield code="a">Charter of the United Nations (1945)</subfield>
    <subfield code="2">unbisn</subfield>
    <subfield code="0">(DHLAUTH)43312</subfield>
  </datafield>
  <datafield tag="630" ind1="0" ind2="7">
    <subfield code="a">Programme of Action to Prevent, Combat and Eradicate the Illicit Trade in Small Arms and Light Weapons in All Its Aspects (2001)</subfield>
    <subfield code="2">unbisn</subfield>
    <subfield code="0">(DHLAUTH)597738</subfield>
  </datafield>
  <datafield tag="630" ind1="0" ind2="7">
    <subfield code="a">Geneva Conventions (1949)</subfield>
    <subfield code="2">unbisn</subfield>
    <subfield code="0">(DHLAUTH)34637</subfield>
  </datafield>
  <datafield tag="630" ind1="0" ind2="7">
    <subfield code="a">Geneva Convention relative to the Protection of Civilian Persons in Time of War (1949)</subfield>
    <subfield code="2">unbisn</subfield>
    <subfield code="0">(DHLAUTH)34641</subfield>
  </datafield>
  <datafield tag="650" ind1="1" ind2="7">
    <subfield code="a">CHILDREN IN ARMED CONFLICTS</subfield>
    <subfield code="2">unbist</subfield>
    <subfield code="0">(DHLAUTH)276638</subfield>
  </datafield>
  <datafield tag="650" ind1="1" ind2="7">
    <subfield code="a">CHILD SOLDIERS</subfield>
    <subfield code="2">unbist</subfield>
    <subfield code="0">(DHLAUTH)268841</subfield>
  </datafield>
  <datafield tag="650" ind1="1" ind2="7">
    <subfield code="a">ARMED CONFLICTS</subfield>
    <subfield code="2">unbist</subfield>
    <subfield code="0">(DHLAUTH)268752</subfield>
  </datafield>
  <datafield tag="650" ind1="1" ind2="7">
    <subfield code="a">INTERNATIONAL OBLIGATIONS</subfield>
    <subfield code="2">unbist</subfield>
    <subfield code="0">(DHLAUTH)269329</subfield>
  </datafield>
  <datafield tag="650" ind1="2" ind2="7">
    <subfield code="a">COORDINATION WITHIN UN SYSTEM</subfield>
    <subfield code="2">unbist</subfield>
    <subfield code="0">(DHLAUTH)268575</subfield>
  </datafield>
  <datafield tag="650" ind1="2" ind2="7">
    <subfield code="a">PROGRAMMES OF ACTION</subfield>
    <subfield code="2">unbist</subfield>
    <subfield code="0">(DHLAUTH)275777</subfield>
  </datafield>
  <datafield tag="650" ind1="2" ind2="7">
    <subfield code="a">SMALL ARMS</subfield>
    <subfield code="2">unbist</subfield>
    <subfield code="0">(DHLAUTH)476624</subfield>
  </datafield>
  <datafield tag="650" ind1="2" ind2="7">
    <subfield code="a">ILLICIT ARMS TRAFFICKING</subfield>
    <subfield code="2">unbist</subfield>
    <subfield code="0">(DHLAUTH)459304</subfield>
  </datafield>
  <datafield tag="650" ind1="2" ind2="7">
    <subfield code="a">DISPUTE SETTLEMENT</subfield>
    <subfield code="2">unbist</subfield>
    <subfield code="0">(DHLAUTH)268292</subfield>
  </datafield>
  <datafield tag="650" ind1="2" ind2="7">
    <subfield code="a">LAWS AND REGULATIONS</subfield>
    <subfield code="2">unbist</subfield>
    <subfield code="0">(DHLAUTH)268352</subfield>
  </datafield>
  <datafield tag="650" ind1="2" ind2="7">
    <subfield code="a">HUMAN RIGHTS IN ARMED CONFLICTS</subfield>
    <subfield code="2">unbist</subfield>
    <subfield code="0">(DHLAUTH)268831</subfield>
  </datafield>
  <datafield tag="650" ind1="2" ind2="7">
    <subfield code="a">PEACEKEEPING OPERATIONS</subfield>
    <subfield code="2">unbist</subfield>
    <subfield code="0">(DHLAUTH)474428</subfield>
  </datafield>
  <datafield tag="650" ind1="2" ind2="7">
    <subfield code="a">ADVISORY SERVICES</subfield>
    <subfield code="2">unbist</subfield>
    <subfield code="0">(DHLAUTH)269860</subfield>
  </datafield>
  <datafield tag="650" ind1="2" ind2="7">
    <subfield code="a">TRAINING PROGRAMMES</subfield>
    <subfield code="2">unbist</subfield>
    <subfield code="0">(DHLAUTH)274026</subfield>
  </datafield>
  <datafield tag="650" ind1="2" ind2="7">
    <subfield code="a">CHILD ABUSE</subfield>
    <subfield code="2">unbist</subfield>
    <subfield code="0">(DHLAUTH)272956</subfield>
  </datafield>
  <datafield tag="650" ind1="2" ind2="7">
    <subfield code="a">RELIEF PERSONNEL</subfield>
    <subfield code="2">unbist</subfield>
    <subfield code="0">(DHLAUTH)276631</subfield>
  </datafield>
  <datafield tag="650" ind1="2" ind2="7">
    <subfield code="a">HUMANITARIAN EMERGENCIES</subfield>
    <subfield code="2">unbist</subfield>
    <subfield code="0">(DHLAUTH)477179</subfield>
  </datafield>
  <datafield tag="650" ind1="2" ind2="7">
    <subfield code="a">WOMEN</subfield>
    <subfield code="2">unbist</subfield>
    <subfield code="0">(DHLAUTH)273032</subfield>
  </datafield>
  <datafield tag="650" ind1="2" ind2="7">
    <subfield code="a">GIRLS</subfield>
    <subfield code="2">unbist</subfield>
    <subfield code="0">(DHLAUTH)272930</subfield>
  </datafield>
  <datafield tag="650" ind1="2" ind2="7">
    <subfield code="a">PRINCIPLES</subfield>
    <subfield code="2">unbist</subfield>
    <subfield code="0">(DHLAUTH)275776</subfield>
  </datafield>
  <datafield tag="650" ind1="2" ind2="7">
    <subfield code="a">CODES OF CONDUCT</subfield>
    <subfield code="2">unbist</subfield>
    <subfield code="0">(DHLAUTH)275793</subfield>
  </datafield>
  <datafield tag="650" ind1="2" ind2="7">
    <subfield code="a">ACCOUNTABILITY</subfield>
    <subfield code="2">unbist</subfield>
    <subfield code="0">(DHLAUTH)269310</subfield>
  </datafield>
  <datafield tag="650" ind1="2" ind2="7">
    <subfield code="a">HIV/AIDS</subfield>
    <subfield code="2">unbist</subfield>
    <subfield code="0">(DHLAUTH)273866</subfield>
  </datafield>
  <datafield tag="650" ind1="2" ind2="7">
    <subfield code="a">EDUCATION</subfield>
    <subfield code="2">unbist</subfield>
    <subfield code="0">(DHLAUTH)268926</subfield>
  </datafield>
  <datafield tag="650" ind1="2" ind2="7">
    <subfield code="a">RIGHTS OF THE CHILD</subfield>
    <subfield code="2">unbist</subfield>
    <subfield code="0">(DHLAUTH)272975</subfield>
  </datafield>
  <datafield tag="650" ind1="2" ind2="7">
    <subfield code="a">PEACEBUILDING</subfield>
    <subfield code="2">unbist</subfield>
    <subfield code="0">(DHLAUTH)268714</subfield>
  </datafield>
  <datafield tag="650" ind1="2" ind2="7">
    <subfield code="a">PEACEMAKING</subfield>
    <subfield code="2">unbist</subfield>
    <subfield code="0">(DHLAUTH)268715</subfield>
  </datafield>
  <datafield tag="650" ind1="2" ind2="7">
    <subfield code="a">POST-CONFLICT RECONSTRUCTION</subfield>
    <subfield code="2">unbist</subfield>
    <subfield code="0">(DHLAUTH)534888</subfield>
  </datafield>
  <datafield tag="650" ind1="2" ind2="7">
    <subfield code="a">DISARMAMENT</subfield>
    <subfield code="2">unbist</subfield>
    <subfield code="0">(DHLAUTH)268584</subfield>
  </datafield>
  <datafield tag="650" ind1="2" ind2="7">
    <subfield code="a">MILITARY DEMOBILIZATION</subfield>
    <subfield code="2">unbist</subfield>
    <subfield code="0">(DHLAUTH)268842</subfield>
  </datafield>
  <datafield tag="650" ind1="2" ind2="7">
    <subfield code="a">SOCIAL INTEGRATION</subfield>
    <subfield code="2">unbist</subfield>
    <subfield code="0">(DHLAUTH)274706</subfield>
  </datafield>
  <datafield tag="650" ind1="2" ind2="7">
    <subfield code="a">REPORT PREPARATION</subfield>
    <subfield code="2">unbist</subfield>
    <subfield code="0">(DHLAUTH)275139</subfield>
  </datafield>
  <datafield tag="650" ind1="2" ind2="7">
    <subfield code="a">STANDARDS</subfield>
    <subfield code="2">unbist</subfield>
    <subfield code="0">(DHLAUTH)271959</subfield>
  </datafield>
  <datafield tag="856" ind1="4" ind2=" ">
    <subfield code="y">العربية</subfield>
    <subfield code="9">2bddb8d9-3bb5-4d99-84de-0c48a0d7bdf4</subfield>
    <subfield code="s">91174</subfield>
    <subfield code="u">https://digitallibrary.un.org/record/486224/files/S_2003_112-AR.pdf</subfield>
  </datafield>
  <datafield tag="856" ind1="4" ind2=" ">
    <subfield code="y">English</subfield>
    <subfield code="9">be0ada5e-3f0d-4a9e-8ef4-7c8d695d4236</subfield>
    <subfield code="s">33721</subfield>
    <subfield code="u">https://digitallibrary.un.org/record/486224/files/S_2003_112-EN.pdf</subfield>
  </datafield>
  <datafield tag="856" ind1="4" ind2=" ">
    <subfield code="y">Español</subfield>
    <subfield code="9">96890432-9996-4327-89d0-a8dce147a918</subfield>
    <subfield code="s">112772</subfield>
    <subfield code="u">https://digitallibrary.un.org/record/486224/files/S_2003_112-ES.pdf</subfield>
  </datafield>
  <datafield tag="856" ind1="4" ind2=" ">
    <subfield code="y">Français</subfield>
    <subfield code="9">d1031bec-e6da-4d19-9e07-26b822f08030</subfield>
    <subfield code="s">101872</subfield>
    <subfield code="u">https://digitallibrary.un.org/record/486224/files/S_2003_112-FR.pdf</subfield>
  </datafield>
  <datafield tag="856" ind1="4" ind2=" ">
    <subfield code="y">Русский</subfield>
    <subfield code="9">a3d03688-dbad-44b5-abc2-48b2975fd4af</subfield>
    <subfield code="s">144557</subfield>
    <subfield code="u">https://digitallibrary.un.org/record/486224/files/S_2003_112-RU.pdf</subfield>
  </datafield>
  <datafield tag="856" ind1="4" ind2=" ">
    <subfield code="y">中文</subfield>
    <subfield code="9">af53ce66-c855-4d75-ac93-fa1255fbac83</subfield>
    <subfield code="s">203734</subfield>
    <subfield code="u">https://digitallibrary.un.org/record/486224/files/S_2003_112-ZH.pdf</subfield>
  </datafield>
  <datafield tag="930" ind1=" " ind2=" ">
    <subfield code="a">UNDFE03</subfield>
  </datafield>
  <datafield tag="930" ind1=" " ind2=" ">
    <subfield code="a">HURXXX03</subfield>
  </datafield>
  <datafield tag="930" ind1=" " ind2=" ">
    <subfield code="a">UDIQ402</subfield>
    <subfield code="b">4.2881</subfield>
  </datafield>
  <datafield tag="949" ind1=" " ind2=" ">
    <subfield code="9">S/2003/112</subfield>
    <subfield code="b">1108337.1.1</subfield>
    <subfield code="i">1108337</subfield>
    <subfield code="k">unas</subfield>
    <subfield code="c">c. 1</subfield>
    <subfield code="l">DHL</subfield>
    <subfield code="z">t</subfield>
    <subfield code="m">14day</subfield>
    <subfield code="d">20030203000000</subfield>
  </datafield>
  <datafield tag="949" ind1=" " ind2=" ">
    <subfield code="9">S/2003/112</subfield>
    <subfield code="b">1108341.5.1</subfield>
    <subfield code="i">1108341</subfield>
    <subfield code="k">unss</subfield>
    <subfield code="c">c. 1</subfield>
    <subfield code="l">DHL</subfield>
    <subfield code="z">t</subfield>
    <subfield code="m">14day</subfield>
    <subfield code="d">20030203000000</subfield>
  </datafield>
  <datafield tag="949" ind1=" " ind2=" ">
    <subfield code="9">S/2003/112</subfield>
    <subfield code="b">1108340.4.1</subfield>
    <subfield code="i">1108340</subfield>
    <subfield code="k">unrs</subfield>
    <subfield code="c">c. 1</subfield>
    <subfield code="l">DHL</subfield>
    <subfield code="z">t</subfield>
    <subfield code="m">14day</subfield>
    <subfield code="d">20030203000000</subfield>
  </datafield>
  <datafield tag="949" ind1=" " ind2=" ">
    <subfield code="9">S/2003/112</subfield>
    <subfield code="b">1108338.2.1</subfield>
    <subfield code="i">1108338</subfield>
    <subfield code="k">uncs</subfield>
    <subfield code="c">c. 1</subfield>
    <subfield code="l">DHL</subfield>
    <subfield code="z">t</subfield>
    <subfield code="m">14day</subfield>
    <subfield code="d">20030203000000</subfield>
  </datafield>
  <datafield tag="949" ind1=" " ind2=" ">
    <subfield code="9">S/2003/112</subfield>
    <subfield code="b">1108339.3.1</subfield>
    <subfield code="i">1108339</subfield>
    <subfield code="k">unfs</subfield>
    <subfield code="c">c. 1</subfield>
    <subfield code="l">DHL</subfield>
    <subfield code="z">t</subfield>
    <subfield code="m">14day</subfield>
    <subfield code="d">20030203000000</subfield>
  </datafield>
  <datafield tag="949" ind1=" " ind2=" ">
    <subfield code="9">S/2003/112</subfield>
    <subfield code="b">7007461</subfield>
    <subfield code="i">1108336</subfield>
    <subfield code="k">unes</subfield>
    <subfield code="c">c. 1</subfield>
    <subfield code="l">DHL</subfield>
    <subfield code="z">t</subfield>
    <subfield code="m">14day</subfield>
    <subfield code="d">20030203000000</subfield>
  </datafield>
  <datafield tag="980" ind1=" " ind2=" ">
    <subfield code="a">BIB</subfield>
  </datafield>
  <datafield tag="981" ind1=" " ind2=" ">
    <subfield code="a">Security Council</subfield>
  </datafield>
  <datafield tag="989" ind1=" " ind2=" ">
    <subfield code="a">Documents and Publications</subfield>
    <subfield code="b">Draft Resolutions and Decisions</subfield>
  </datafield>
  <datafield tag="991" ind1="3" ind2=" ">
    <subfield code="a">S/58</subfield>
    <subfield code="b">[187]</subfield>
    <subfield code="d">CHILDREN IN ARMED CONFLICTS</subfield>
    <subfield code="z">I0177253</subfield>
    <subfield code="0">(DHLAUTH)635416</subfield>
  </datafield>
  <datafield tag="993" ind1="1" ind2=" ">
    <subfield code="a">S/RES/1460(2003)</subfield>
  </datafield>
  <datafield tag="998" ind1=" " ind2=" ">
    <subfield code="a">20030203000000</subfield>
    <subfield code="b">ia25</subfield>
    <subfield code="c">20210714154500</subfield>
    <subfield code="d">sh35cat</subfield>
    <subfield code="x">0x00010000c3d4eeac</subfield>
    <subfield code="z">20210715124252</subfield>
  </datafield>
  <datafield tag="999" ind1=" " ind2=" ">
    <subfield code="a">mpu20030213</subfield>
    <subfield code="b">20020213</subfield>
    <subfield code="c">u</subfield>
  </datafield>
  <datafield tag="999" ind1=" " ind2=" ">
    <subfield code="a">pgt20030203</subfield>
    <subfield code="b">20030203</subfield>
    <subfield code="c">t</subfield>
  </datafield>
  <datafield tag="999" ind1=" " ind2=" ">
    <subfield code="a">iaq20030203</subfield>
    <subfield code="b">20030203</subfield>
    <subfield code="c">q</subfield>
  </datafield>
  <datafield tag="999" ind1=" " ind2=" ">
    <subfield code="a">mvc20030203</subfield>
    <subfield code="b">20030203</subfield>
    <subfield code="c">c</subfield>
  </datafield>
  <datafield tag="999" ind1=" " ind2=" ">
    <subfield code="a">TAr20030203</subfield>
    <subfield code="b">20030203</subfield>
    <subfield code="c">r</subfield>
  </datafield>
  <datafield tag="999" ind1=" " ind2=" ">
    <subfield code="a">mou20210415</subfield>
    <subfield code="b">20210415</subfield>
    <subfield code="c">u</subfield>
  </datafield>
</record>