
<record>
  <controlfield tag="000">00000nam  2200025#a 450</controlfield>
  <controlfield tag="001">846241</controlfield>
  <controlfield tag="005">20181115172346.0</controlfield>
  <controlfield tag="008">161101s2016    usa    #r     |||1| eng d</controlfield>
  <datafield tag="029" ind1=" " ind2=" ">
    <subfield code="a">JN</subfield>
    <subfield code="b">N1618276 E</subfield>
  </datafield>
  <datafield tag="035" ind1=" " ind2=" ">
    <subfield code="a">(DHL)1108736</subfield>
  </datafield>
  <datafield tag="039" ind1=" " ind2=" ">
    <subfield code="a">DHU</subfield>
  </datafield>
  <datafield tag="040" ind1=" " ind2=" ">
    <subfield code="a">NNUN</subfield>
    <subfield code="b">eng</subfield>
  </datafield>
  <datafield tag="041" ind1=" " ind2=" ">
    <subfield code="a">arachiengfrerusspa</subfield>
  </datafield>
  <datafield tag="049" ind1=" " ind2=" ">
    <subfield code="a">usa</subfield>
  </datafield>
  <datafield tag="089" ind1=" " ind2=" ">
    <subfield code="b">B18</subfield>
  </datafield>
  <datafield tag="089" ind1=" " ind2=" ">
    <subfield code="b">A16</subfield>
  </datafield>
  <datafield tag="091" ind1=" " ind2=" ">
    <subfield code="a">GEN</subfield>
  </datafield>
  <datafield tag="099" ind1=" " ind2=" ">
    <subfield code="a">UNH</subfield>
    <subfield code="b">DHU</subfield>
  </datafield>
  <datafield tag="191" ind1=" " ind2=" ">
    <subfield code="a">A/71/555</subfield>
    <subfield code="b">A/</subfield>
    <subfield code="c">71</subfield>
    <subfield code="9">G01</subfield>
    <subfield code="q">A71387 </subfield>
    <subfield code="r">A71</subfield>
    <subfield code="0">(DHLAUTH)871100</subfield>
  </datafield>
  <datafield tag="191" ind1=" " ind2=" ">
    <subfield code="a">S/2016/872</subfield>
    <subfield code="b">S/</subfield>
    <subfield code="c">71</subfield>
    <subfield code="9">X01</subfield>
    <subfield code="q">S2016872</subfield>
    <subfield code="r">S71</subfield>
    <subfield code="0">(DHLAUTH)871545</subfield>
  </datafield>
  <datafield tag="245" ind1="1" ind2="0">
    <subfield code="a">Letter dated 6 October 2016 from the Permanent Representative of the United Kingdom of Great Britain and Northern Ireland to the United Nations addressed to the Secretary-General</subfield>
  </datafield>
  <datafield tag="249" ind1=" " ind2=" ">
    <subfield code="a">Letter, 6 Oct. 2016, from the United Kingdom</subfield>
  </datafield>
  <datafield tag="260" ind1=" " ind2=" ">
    <subfield code="a">[New York] :</subfield>
    <subfield code="b">UN,</subfield>
    <subfield code="c">20 Oct. 2016</subfield>
  </datafield>
  <datafield tag="269" ind1=" " ind2=" ">
    <subfield code="a">2016-10-20</subfield>
  </datafield>
  <datafield tag="300" ind1=" " ind2=" ">
    <subfield code="a">7 p. </subfield>
  </datafield>
  <datafield tag="520" ind1=" " ind2=" ">
    <subfield code="a">Transmits communiqué of the United Nations Peacekeeping Defence Ministerial, held in London, 7-8 Sept. 2016.</subfield>
  </datafield>
  <datafield tag="611" ind1="2" ind2="7">
    <subfield code="2">unbisn</subfield>
    <subfield code="a">United Nations Peacekeeping Defence Ministerial (2016 : London)</subfield>
    <subfield code="0">(DHLAUTH)880453</subfield>
  </datafield>
  <datafield tag="650" ind1="1" ind2="7">
    <subfield code="a">PEACEKEEPING OPERATIONS</subfield>
    <subfield code="2">unbist</subfield>
    <subfield code="0">(DHLAUTH)474428</subfield>
  </datafield>
  <datafield tag="650" ind1="1" ind2="7">
    <subfield code="a">TROOP-CONTRIBUTING STATES</subfield>
    <subfield code="2">unbist</subfield>
    <subfield code="0">(DHLAUTH)268938</subfield>
  </datafield>
  <datafield tag="650" ind1="1" ind2="7">
    <subfield code="a">ACCOUNTABILITY</subfield>
    <subfield code="2">unbist</subfield>
    <subfield code="0">(DHLAUTH)269310</subfield>
  </datafield>
  <datafield tag="650" ind1="1" ind2="7">
    <subfield code="a">SEX CRIMES</subfield>
    <subfield code="2">unbist</subfield>
    <subfield code="0">(DHLAUTH)273132</subfield>
  </datafield>
  <datafield tag="650" ind1="1" ind2="7">
    <subfield code="a">WOMEN</subfield>
    <subfield code="2">unbist</subfield>
    <subfield code="0">(DHLAUTH)273032</subfield>
  </datafield>
  <datafield tag="710" ind1="2" ind2=" ">
    <subfield code="a">United Kingdom</subfield>
    <subfield code="9">ms</subfield>
    <subfield code="0">(DHLAUTH)28884</subfield>
  </datafield>
  <datafield tag="711" ind1="2" ind2=" ">
    <subfield code="a">United Nations Peacekeeping Defence Ministerial (2016 : London)</subfield>
    <subfield code="0">(DHLAUTH)880453</subfield>
  </datafield>
  <datafield tag="856" ind1="4" ind2=" ">
    <subfield code="s">237343</subfield>
    <subfield code="u">http://digitallibrary.un.org/record/846241/files/A_71_555%26S_2016_872-AR.pdf</subfield>
    <subfield code="y">العربية</subfield>
  </datafield>
  <datafield tag="856" ind1="4" ind2=" ">
    <subfield code="s">255666</subfield>
    <subfield code="u">http://digitallibrary.un.org/record/846241/files/A_71_555%26S_2016_872-EN.pdf</subfield>
    <subfield code="y">English</subfield>
  </datafield>
  <datafield tag="856" ind1="4" ind2=" ">
    <subfield code="s">260229</subfield>
    <subfield code="u">http://digitallibrary.un.org/record/846241/files/A_71_555%26S_2016_872-ES.pdf</subfield>
    <subfield code="y">Español</subfield>
  </datafield>
  <datafield tag="856" ind1="4" ind2=" ">
    <subfield code="s">267373</subfield>
    <subfield code="u">http://digitallibrary.un.org/record/846241/files/A_71_555%26S_2016_872-FR.pdf</subfield>
    <subfield code="y">Français</subfield>
  </datafield>
  <datafield tag="856" ind1="4" ind2=" ">
    <subfield code="s">290241</subfield>
    <subfield code="u">http://digitallibrary.un.org/record/846241/files/A_71_555%26S_2016_872-RU.pdf</subfield>
    <subfield code="y">Русский</subfield>
  </datafield>
  <datafield tag="856" ind1="4" ind2=" ">
    <subfield code="s">313111</subfield>
    <subfield code="u">http://digitallibrary.un.org/record/846241/files/A_71_555%26S_2016_872-ZH.pdf</subfield>
    <subfield code="y">中文</subfield>
  </datafield>
  <datafield tag="930" ind1=" " ind2=" ">
    <subfield code="a">UNDNO16</subfield>
  </datafield>
  <datafield tag="981" ind1=" " ind2=" ">
    <subfield code="a">General Assembly</subfield>
    <subfield code="b">General Assembly Plenary</subfield>
  </datafield>
  <datafield tag="981" ind1=" " ind2=" ">
    <subfield code="a">Security Council</subfield>
  </datafield>
  <datafield tag="989" ind1=" " ind2=" ">
    <subfield code="a">Documents and Publications</subfield>
    <subfield code="b">Letters and Notes Verbales</subfield>
  </datafield>
  <datafield tag="991" ind1="1" ind2=" ">
    <subfield code="a">A/71/251</subfield>
    <subfield code="b">51</subfield>
    <subfield code="c">Comprehensive review of the whole question of peacekeeping operations in all their aspects.</subfield>
    <subfield code="d">PEACEKEEPING OPERATIONS</subfield>
    <subfield code="z">I</subfield>
    <subfield code="0">(DHLAUTH)873100</subfield>
  </datafield>
  <datafield tag="991" ind1="3" ind2=" ">
    <subfield code="a">S/71</subfield>
    <subfield code="b">[18]</subfield>
    <subfield code="d">PEACEKEEPING OPERATIONS</subfield>
    <subfield code="z">I</subfield>
    <subfield code="0">(DHLAUTH)871573</subfield>
  </datafield>
  <datafield tag="998" ind1=" " ind2=" ">
    <subfield code="a">20161101105100</subfield>
    <subfield code="b">bccat</subfield>
    <subfield code="c">20170718073400</subfield>
    <subfield code="d">vwcat2</subfield>
    <subfield code="z">20171107173044</subfield>
  </datafield>
  <datafield tag="999" ind1=" " ind2=" ">
    <subfield code="a">bcq20161101</subfield>
    <subfield code="b">20161101</subfield>
    <subfield code="c">q</subfield>
  </datafield>
  <datafield tag="999" ind1=" " ind2=" ">
    <subfield code="a">shc20161102</subfield>
    <subfield code="b">20161102</subfield>
    <subfield code="c">c</subfield>
  </datafield>
  <datafield tag="999" ind1=" " ind2=" ">
    <subfield code="a">vvr20161103</subfield>
    <subfield code="b">20161103</subfield>
    <subfield code="c">r</subfield>
  </datafield>
  <datafield tag="999" ind1=" " ind2=" ">
    <subfield code="a">vwt20170607</subfield>
    <subfield code="b">20170607</subfield>
    <subfield code="c">t</subfield>
  </datafield>
</record>