
<record>
  <controlfield tag="000">03132caa a2200805#  4500</controlfield>
  <controlfield tag="001">414257</controlfield>
  <controlfield tag="005">20210622084757.0</controlfield>
  <controlfield tag="008">000517c2000    usa     r           eng u</controlfield>
  <datafield tag="035" ind1=" " ind2=" ">
    <subfield code="a">D616106X</subfield>
    <subfield code="z">D9546101</subfield>
  </datafield>
  <datafield tag="035" ind1=" " ind2=" ">
    <subfield code="a">(DHL)616106</subfield>
  </datafield>
  <datafield tag="039" ind1=" " ind2=" ">
    <subfield code="a">GUN</subfield>
  </datafield>
  <datafield tag="040" ind1=" " ind2=" ">
    <subfield code="a">SzGeBNU</subfield>
    <subfield code="b">eng</subfield>
  </datafield>
  <datafield tag="041" ind1=" " ind2=" ">
    <subfield code="a">arachiengfrerusspa</subfield>
  </datafield>
  <datafield tag="049" ind1=" " ind2=" ">
    <subfield code="a">usache</subfield>
  </datafield>
  <datafield tag="069" ind1=" " ind2=" ">
    <subfield code="a">HUR</subfield>
    <subfield code="b">0102</subfield>
  </datafield>
  <datafield tag="089" ind1=" " ind2=" ">
    <subfield code="b">B01</subfield>
  </datafield>
  <datafield tag="091" ind1=" " ind2=" ">
    <subfield code="a">GEN</subfield>
  </datafield>
  <datafield tag="099" ind1=" " ind2=" ">
    <subfield code="a">UNG</subfield>
    <subfield code="b">GUN</subfield>
  </datafield>
  <datafield tag="191" ind1=" " ind2=" ">
    <subfield code="a">E/CN.4/RES/2000/24</subfield>
    <subfield code="b">E/CN.4/</subfield>
    <subfield code="c">56</subfield>
    <subfield code="f">1.2116</subfield>
    <subfield code="q">ECN4RES200024</subfield>
    <subfield code="r">ECN456</subfield>
    <subfield code="0">(DHLAUTH)547474</subfield>
  </datafield>
  <datafield tag="245" ind1="1" ind2="0">
    <subfield code="a">Situation of human rights in Sierra Leone</subfield>
  </datafield>
  <datafield tag="269" ind1=" " ind2=" ">
    <subfield code="a">2000</subfield>
  </datafield>
  <datafield tag="500" ind1=" " ind2=" ">
    <subfield code="a">Adopted at the 56th meeting, 18 Apr. 2000.</subfield>
  </datafield>
  <datafield tag="580" ind1=" " ind2=" ">
    <subfield code="a">In: Commission on Human Rights : report on the 56th session, 20 March-28 April 2000. - E/2000/23-E/CN.4/2000/167. - 2000. - p. 136-140. - (ESCOR, 2000, Suppl. no. 3).</subfield>
  </datafield>
  <datafield tag="610" ind1="2" ind2="7">
    <subfield code="a">Sierra Leone. Truth and Reconciliation Commission</subfield>
    <subfield code="2">unbisn</subfield>
    <subfield code="0">(DHLAUTH)596969</subfield>
  </datafield>
  <datafield tag="610" ind1="2" ind2="7">
    <subfield code="a">National Human Rights Commission (Sierra Leone)</subfield>
    <subfield code="2">unbisn</subfield>
    <subfield code="0">(DHLAUTH)596968</subfield>
  </datafield>
  <datafield tag="610" ind1="2" ind2="7">
    <subfield code="a">UN High Commissioner for Human Rights</subfield>
    <subfield code="2">unbisn</subfield>
    <subfield code="0">(DHLAUTH)146414</subfield>
  </datafield>
  <datafield tag="610" ind1="2" ind2="4">
    <subfield code="a">UN Mission in Sierra Leone</subfield>
    <subfield code="0">(DHLAUTH)554615</subfield>
  </datafield>
  <datafield tag="610" ind1="2" ind2="7">
    <subfield code="a">Revolutionary United Front of Sierra Leone</subfield>
    <subfield code="2">unbisn</subfield>
    <subfield code="0">(DHLAUTH)465372</subfield>
  </datafield>
  <datafield tag="610" ind1="2" ind2="7">
    <subfield code="a">Economic Community of West African States. Cease-fire Monitoring Group</subfield>
    <subfield code="2">unbisn</subfield>
    <subfield code="0">(DHLAUTH)225634</subfield>
  </datafield>
  <datafield tag="610" ind1="2" ind2="7">
    <subfield code="a">UN. Office of the High Commissioner for Human Rights</subfield>
    <subfield code="2">unbisn</subfield>
    <subfield code="0">(DHLAUTH)80157</subfield>
  </datafield>
  <datafield tag="610" ind1="2" ind2="7">
    <subfield code="a">International Committee of the Red Cross</subfield>
    <subfield code="2">unbisn</subfield>
    <subfield code="0">(DHLAUTH)51119</subfield>
  </datafield>
  <datafield tag="610" ind1="2" ind2="7">
    <subfield code="a">UN. Special Representative of the Secretary-General for Sierra Leone</subfield>
    <subfield code="2">unbisn</subfield>
    <subfield code="0">(DHLAUTH)514116</subfield>
  </datafield>
  <datafield tag="630" ind1="0" ind2="4">
    <subfield code="a">Human Rights Manifesto of Sierra Leone (1999)</subfield>
    <subfield code="0">(DHLAUTH)604187</subfield>
  </datafield>
  <datafield tag="630" ind1="0" ind2="7">
    <subfield code="a">Peace Agreement between the Government of Sierra Leone and the Revolutionary United Front of Sierra Leone (1999)</subfield>
    <subfield code="2">unbisn</subfield>
    <subfield code="0">(DHLAUTH)546999</subfield>
  </datafield>
  <datafield tag="650" ind1="1" ind2="7">
    <subfield code="a">HUMAN RIGHTS</subfield>
    <subfield code="2">unbist</subfield>
    <subfield code="0">(DHLAUTH)274431</subfield>
  </datafield>
  <datafield tag="650" ind1="1" ind2="7">
    <subfield code="a">SIERRA LEONE</subfield>
    <subfield code="2">unbist</subfield>
    <subfield code="0">(DHLAUTH)273471</subfield>
  </datafield>
  <datafield tag="650" ind1="1" ind2="7">
    <subfield code="a">HUMAN RIGHTS VIOLATIONS</subfield>
    <subfield code="0">(DHLAUTH)274435</subfield>
  </datafield>
  <datafield tag="650" ind1="1" ind2="7">
    <subfield code="a">HUMAN RIGHTS IN ARMED CONFLICTS</subfield>
    <subfield code="0">(DHLAUTH)268831</subfield>
  </datafield>
  <datafield tag="650" ind1="2" ind2="7">
    <subfield code="a">HUMAN RIGHTS MONITORING</subfield>
    <subfield code="2">unbist</subfield>
    <subfield code="0">(DHLAUTH)276661</subfield>
  </datafield>
  <datafield tag="650" ind1="2" ind2="7">
    <subfield code="a">PEACEBUILDING</subfield>
    <subfield code="2">unbist</subfield>
    <subfield code="0">(DHLAUTH)268714</subfield>
  </datafield>
  <datafield tag="650" ind1="2" ind2="7">
    <subfield code="a">PEACEKEEPING OPERATIONS</subfield>
    <subfield code="2">unbist</subfield>
    <subfield code="0">(DHLAUTH)474428</subfield>
  </datafield>
  <datafield tag="650" ind1="2" ind2="7">
    <subfield code="2">unbist</subfield>
    <subfield code="a">TRUTH COMMISSIONS</subfield>
    <subfield code="0">(DHLAUTH)585601</subfield>
  </datafield>
  <datafield tag="650" ind1="2" ind2="7">
    <subfield code="a">HUMAN RIGHTS INSTITUTIONS</subfield>
    <subfield code="2">unbist</subfield>
    <subfield code="0">(DHLAUTH)268359</subfield>
  </datafield>
  <datafield tag="650" ind1="2" ind2="7">
    <subfield code="a">DEMOCRACY</subfield>
    <subfield code="2">unbist</subfield>
    <subfield code="0">(DHLAUTH)268333</subfield>
  </datafield>
  <datafield tag="650" ind1="2" ind2="7">
    <subfield code="a">HUMAN RIGHTS EDUCATION</subfield>
    <subfield code="2">unbist</subfield>
    <subfield code="0">(DHLAUTH)274172</subfield>
  </datafield>
  <datafield tag="650" ind1="2" ind2="7">
    <subfield code="a">POLICE</subfield>
    <subfield code="2">unbist</subfield>
    <subfield code="0">(DHLAUTH)270025</subfield>
  </datafield>
  <datafield tag="650" ind1="2" ind2="7">
    <subfield code="a">MILITARY PERSONNEL</subfield>
    <subfield code="2">unbist</subfield>
    <subfield code="0">(DHLAUTH)268838</subfield>
  </datafield>
  <datafield tag="650" ind1="2" ind2="7">
    <subfield code="a">RIGHTS OF THE CHILD</subfield>
    <subfield code="2">unbist</subfield>
    <subfield code="0">(DHLAUTH)272975</subfield>
  </datafield>
  <datafield tag="650" ind1="2" ind2="7">
    <subfield code="a">HUMANITARIAN ASSISTANCE</subfield>
    <subfield code="2">unbist</subfield>
    <subfield code="0">(DHLAUTH)268768</subfield>
  </datafield>
  <datafield tag="650" ind1="2" ind2="7">
    <subfield code="a">DISPLACED PERSONS</subfield>
    <subfield code="2">unbist</subfield>
    <subfield code="0">(DHLAUTH)273028</subfield>
  </datafield>
  <datafield tag="650" ind1="2" ind2="7">
    <subfield code="a">AMNESTY</subfield>
    <subfield code="2">unbist</subfield>
    <subfield code="0">(DHLAUTH)268489</subfield>
  </datafield>
  <datafield tag="650" ind1="2" ind2="7">
    <subfield code="a">GENOCIDE</subfield>
    <subfield code="2">unbist</subfield>
    <subfield code="0">(DHLAUTH)269459</subfield>
  </datafield>
  <datafield tag="650" ind1="2" ind2="7">
    <subfield code="a">CRIMES AGAINST HUMANITY</subfield>
    <subfield code="2">unbist</subfield>
    <subfield code="0">(DHLAUTH)269488</subfield>
  </datafield>
  <datafield tag="650" ind1="2" ind2="7">
    <subfield code="a">WAR CRIMES</subfield>
    <subfield code="2">unbist</subfield>
    <subfield code="0">(DHLAUTH)268794</subfield>
  </datafield>
  <datafield tag="650" ind1="2" ind2="7">
    <subfield code="a">IMPUNITY</subfield>
    <subfield code="2">unbist</subfield>
    <subfield code="0">(DHLAUTH)269413</subfield>
  </datafield>
  <datafield tag="650" ind1="2" ind2="7">
    <subfield code="a">CHILD SOLDIERS</subfield>
    <subfield code="2">unbist</subfield>
    <subfield code="0">(DHLAUTH)268841</subfield>
  </datafield>
  <datafield tag="650" ind1="2" ind2="7">
    <subfield code="a">MILITARY DEMOBILIZATION</subfield>
    <subfield code="2">unbist</subfield>
    <subfield code="0">(DHLAUTH)268842</subfield>
  </datafield>
  <datafield tag="650" ind1="2" ind2="7">
    <subfield code="a">SMALL ARMS</subfield>
    <subfield code="2">unbist</subfield>
    <subfield code="0">(DHLAUTH)476624</subfield>
  </datafield>
  <datafield tag="650" ind1="2" ind2="7">
    <subfield code="a">ILLICIT ARMS TRAFFICKING</subfield>
    <subfield code="2">unbist</subfield>
    <subfield code="0">(DHLAUTH)459304</subfield>
  </datafield>
  <datafield tag="650" ind1="2" ind2="7">
    <subfield code="a">SIERRA LEONEAN REFUGEES</subfield>
    <subfield code="2">unbist</subfield>
    <subfield code="0">(DHLAUTH)273470</subfield>
  </datafield>
  <datafield tag="650" ind1="2" ind2="7">
    <subfield code="a">RELIEF PERSONNEL</subfield>
    <subfield code="2">unbist</subfield>
    <subfield code="0">(DHLAUTH)276631</subfield>
  </datafield>
  <datafield tag="650" ind1="2" ind2="7">
    <subfield code="a">STAFF SECURITY</subfield>
    <subfield code="2">unbist</subfield>
    <subfield code="0">(DHLAUTH)268648</subfield>
  </datafield>
  <datafield tag="650" ind1="2" ind2="7">
    <subfield code="a">CIVILIAN PERSONS</subfield>
    <subfield code="2">unbist</subfield>
    <subfield code="0">(DHLAUTH)274447</subfield>
  </datafield>
  <datafield tag="650" ind1="2" ind2="7">
    <subfield code="a">WOMEN</subfield>
    <subfield code="2">unbist</subfield>
    <subfield code="0">(DHLAUTH)273032</subfield>
  </datafield>
  <datafield tag="650" ind1="2" ind2="7">
    <subfield code="a">TECHNICAL COOPERATION</subfield>
    <subfield code="2">unbist</subfield>
    <subfield code="0">(DHLAUTH)268658</subfield>
  </datafield>
  <datafield tag="650" ind1="2" ind2="7">
    <subfield code="a">ADVISORY SERVICES</subfield>
    <subfield code="2">unbist</subfield>
    <subfield code="0">(DHLAUTH)269860</subfield>
  </datafield>
  <datafield tag="710" ind1="2" ind2=" ">
    <subfield code="a">UN. Commission on Human Rights (56th sess. : 2000 : Geneva)</subfield>
    <subfield code="0">(DHLAUTH)542780</subfield>
  </datafield>
  <datafield tag="930" ind1=" " ind2=" ">
    <subfield code="a">UNDMY00</subfield>
  </datafield>
  <datafield tag="930" ind1=" " ind2=" ">
    <subfield code="a">HURXXX00</subfield>
  </datafield>
  <datafield tag="930" ind1=" " ind2=" ">
    <subfield code="a">UDIQ100</subfield>
    <subfield code="b">1.2116</subfield>
  </datafield>
  <datafield tag="930" ind1=" " ind2=" ">
    <subfield code="a">UPDQ100</subfield>
  </datafield>
  <datafield tag="949" ind1=" " ind2=" ">
    <subfield code="9">E/CN.4/RES/2000/24</subfield>
    <subfield code="b">616106g</subfield>
    <subfield code="i">1118650</subfield>
    <subfield code="k">gun</subfield>
    <subfield code="l">UNOG</subfield>
    <subfield code="z">t</subfield>
    <subfield code="m">unog</subfield>
    <subfield code="d">20030313000000</subfield>
  </datafield>
  <datafield tag="980" ind1=" " ind2=" ">
    <subfield code="a">BIB</subfield>
  </datafield>
  <datafield tag="981" ind1=" " ind2=" ">
    <subfield code="a">Economic and Social Council</subfield>
  </datafield>
  <datafield tag="981" ind1=" " ind2=" ">
    <subfield code="a">Human Rights Bodies</subfield>
    <subfield code="b">Charter-Based Human Rights Bodies</subfield>
    <subfield code="c">Commission on Human Rights</subfield>
  </datafield>
  <datafield tag="989" ind1=" " ind2=" ">
    <subfield code="a">Documents and Publications</subfield>
    <subfield code="b">Resolutions and Decisions</subfield>
    <subfield code="c">Resolutions</subfield>
  </datafield>
  <datafield tag="993" ind1=" " ind2=" ">
    <subfield code="a">E/2000/23</subfield>
  </datafield>
  <datafield tag="998" ind1=" " ind2=" ">
    <subfield code="a">20000517000000</subfield>
    <subfield code="b">unogcat</subfield>
    <subfield code="c">20210622083700</subfield>
    <subfield code="d">nmcs</subfield>
    <subfield code="x">0x00010000c3af5c78</subfield>
    <subfield code="z">20210622124136</subfield>
  </datafield>
  <datafield tag="999" ind1=" " ind2=" ">
    <subfield code="a">nmu20210622</subfield>
    <subfield code="b">20210622</subfield>
    <subfield code="c">u</subfield>
  </datafield>
  <datafield tag="999" ind1=" " ind2=" ">
    <subfield code="a">mpu20030313</subfield>
    <subfield code="b">20030313</subfield>
    <subfield code="c">u</subfield>
  </datafield>
  <datafield tag="999" ind1=" " ind2=" ">
    <subfield code="a">mpc</subfield>
    <subfield code="b">20000517</subfield>
    <subfield code="c">c</subfield>
  </datafield>
</record>