
<record>
  <controlfield tag="000">04049cam a2201321#  4500</controlfield>
  <controlfield tag="001">166105</controlfield>
  <controlfield tag="005">20220624133622.0</controlfield>
  <controlfield tag="008">930518s1993    usa     r           eng u</controlfield>
  <datafield tag="029" ind1=" " ind2=" ">
    <subfield code="a">JN</subfield>
    <subfield code="b">N9325097 E</subfield>
  </datafield>
  <datafield tag="035" ind1=" " ind2=" ">
    <subfield code="a">D316855X</subfield>
    <subfield code="z">D0144022</subfield>
  </datafield>
  <datafield tag="035" ind1=" " ind2=" ">
    <subfield code="a">(DHL)316855</subfield>
  </datafield>
  <datafield tag="039" ind1=" " ind2=" ">
    <subfield code="a">DHU</subfield>
  </datafield>
  <datafield tag="040" ind1=" " ind2=" ">
    <subfield code="a">NNUN</subfield>
    <subfield code="b">eng</subfield>
  </datafield>
  <datafield tag="041" ind1=" " ind2=" ">
    <subfield code="a">arachiengfrerusspa</subfield>
  </datafield>
  <datafield tag="049" ind1=" " ind2=" ">
    <subfield code="a">usa</subfield>
  </datafield>
  <datafield tag="089" ind1=" " ind2=" ">
    <subfield code="a">Miscellaneous (UN)</subfield>
    <subfield code="b">B19</subfield>
  </datafield>
  <datafield tag="091" ind1=" " ind2=" ">
    <subfield code="a">GEN</subfield>
  </datafield>
  <datafield tag="099" ind1=" " ind2=" ">
    <subfield code="a">UNH</subfield>
    <subfield code="b">DHU</subfield>
  </datafield>
  <datafield tag="191" ind1=" " ind2=" ">
    <subfield code="a">S/25070/Add.15</subfield>
    <subfield code="b">S/</subfield>
    <subfield code="c">48</subfield>
    <subfield code="d">S/</subfield>
    <subfield code="e">25070/Add.15</subfield>
    <subfield code="f">008716</subfield>
    <subfield code="q">S25070ADD15</subfield>
    <subfield code="r">S48</subfield>
    <subfield code="0">(DHLAUTH)13426</subfield>
  </datafield>
  <datafield tag="245" ind1="1" ind2="0">
    <subfield code="a">Summary statement on matters of which the Security Council is seized and on the stage reached in their consideration /</subfield>
    <subfield code="c">by the Secretary-General.</subfield>
  </datafield>
  <datafield tag="260" ind1=" " ind2=" ">
    <subfield code="a">[New York] :</subfield>
    <subfield code="b">UN,</subfield>
    <subfield code="c">3 May 1993.</subfield>
  </datafield>
  <datafield tag="269" ind1=" " ind2=" ">
    <subfield code="a">1993-05-03</subfield>
  </datafield>
  <datafield tag="300" ind1=" " ind2=" ">
    <subfield code="a">14 p.</subfield>
  </datafield>
  <datafield tag="500" ind1=" " ind2=" ">
    <subfield code="a">Includes Security Council resolutions 818 (1993), 819 (1993) and 820 (1993).</subfield>
  </datafield>
  <datafield tag="600" ind1="1" ind2="7">
    <subfield code="a">HANI, CHRIS.</subfield>
    <subfield code="0">(DHLAUTH)427823</subfield>
  </datafield>
  <datafield tag="610" ind1="2" ind2="7">
    <subfield code="a">UN. Security Council (48th year : 1993)</subfield>
    <subfield code="2">unbisn</subfield>
    <subfield code="0">(DHLAUTH)192590</subfield>
  </datafield>
  <datafield tag="610" ind1="2" ind2="7">
    <subfield code="a">UN Operation in Mozambique</subfield>
    <subfield code="0">(DHLAUTH)211291</subfield>
  </datafield>
  <datafield tag="610" ind1="2" ind2="7">
    <subfield code="a">UN. Special Representative for Mozambique</subfield>
    <subfield code="0">(DHLAUTH)223685</subfield>
  </datafield>
  <datafield tag="610" ind1="2" ind2="7">
    <subfield code="a">Movimento Nacional da Resistencia de Moçambique</subfield>
    <subfield code="2">unbisn</subfield>
    <subfield code="0">(DHLAUTH)89752</subfield>
  </datafield>
  <datafield tag="610" ind1="2" ind2="7">
    <subfield code="a">UN Protection Force</subfield>
    <subfield code="0">(DHLAUTH)196286</subfield>
  </datafield>
  <datafield tag="610" ind1="2" ind2="7">
    <subfield code="a">UN. Secretary-General</subfield>
    <subfield code="0">(DHLAUTH)10663</subfield>
  </datafield>
  <datafield tag="610" ind1="2" ind2="7">
    <subfield code="a">UN High Commissioner for Refugees</subfield>
    <subfield code="0">(DHLAUTH)86648</subfield>
  </datafield>
  <datafield tag="610" ind1="2" ind2="7">
    <subfield code="a">UNHCR</subfield>
    <subfield code="0">(DHLAUTH)28850</subfield>
  </datafield>
  <datafield tag="610" ind1="2" ind2="7">
    <subfield code="a">UN. Security Council Committee Established pursuant to Resolution 724 (1991) concerning Yugoslavia</subfield>
    <subfield code="0">(DHLAUTH)191879</subfield>
  </datafield>
  <datafield tag="610" ind1="2" ind2="7">
    <subfield code="a">International Conference on the Former Yugoslavia</subfield>
    <subfield code="0">(DHLAUTH)208514</subfield>
  </datafield>
  <datafield tag="610" ind1="2" ind2="7">
    <subfield code="a">European Community Monitoring Mission</subfield>
    <subfield code="0">(DHLAUTH)192800</subfield>
  </datafield>
  <datafield tag="611" ind1="2" ind2="7">
    <subfield code="a">Conference on Security and Co-operation in Europe</subfield>
    <subfield code="0">(DHLAUTH)89846</subfield>
  </datafield>
  <datafield tag="630" ind1="0" ind2="7">
    <subfield code="a">Charter of the United Nations (1945)</subfield>
    <subfield code="0">(DHLAUTH)43312</subfield>
  </datafield>
  <datafield tag="630" ind1="0" ind2="7">
    <subfield code="a">Acordo Geral de Paz de Moçambique (1992)</subfield>
    <subfield code="0">(DHLAUTH)212808</subfield>
  </datafield>
  <datafield tag="650" ind1="0" ind2="7">
    <subfield code="a">POLITICAL VIOLENCE</subfield>
    <subfield code="0">(DHLAUTH)268231</subfield>
  </datafield>
  <datafield tag="650" ind1="0" ind2="7">
    <subfield code="a">NEGOTIATION</subfield>
    <subfield code="0">(DHLAUTH)268593</subfield>
  </datafield>
  <datafield tag="650" ind1="0" ind2="7">
    <subfield code="a">SOUTH AFRICA</subfield>
    <subfield code="0">(DHLAUTH)9686</subfield>
  </datafield>
  <datafield tag="650" ind1="0" ind2="7">
    <subfield code="a">PEACEKEEPING OPERATIONS</subfield>
    <subfield code="0">(DHLAUTH)474428</subfield>
  </datafield>
  <datafield tag="650" ind1="0" ind2="7">
    <subfield code="a">MILITARY DEMOBILIZATION</subfield>
    <subfield code="0">(DHLAUTH)268842</subfield>
  </datafield>
  <datafield tag="650" ind1="0" ind2="7">
    <subfield code="a">ARMED FORCES</subfield>
    <subfield code="0">(DHLAUTH)268825</subfield>
  </datafield>
  <datafield tag="650" ind1="0" ind2="7">
    <subfield code="a">MILITARY DEFENCES</subfield>
    <subfield code="0">(DHLAUTH)268805</subfield>
  </datafield>
  <datafield tag="650" ind1="0" ind2="7">
    <subfield code="a">NEGOTIATION</subfield>
    <subfield code="0">(DHLAUTH)268593</subfield>
  </datafield>
  <datafield tag="650" ind1="0" ind2="7">
    <subfield code="a">CEASEFIRES</subfield>
    <subfield code="0">(DHLAUTH)268709</subfield>
  </datafield>
  <datafield tag="650" ind1="0" ind2="7">
    <subfield code="a">FREEDOM OF MOVEMENT</subfield>
    <subfield code="0">(DHLAUTH)274452</subfield>
  </datafield>
  <datafield tag="650" ind1="0" ind2="7">
    <subfield code="a">ELECTIONS</subfield>
    <subfield code="0">(DHLAUTH)268341</subfield>
  </datafield>
  <datafield tag="650" ind1="0" ind2="7">
    <subfield code="a">FINANCIAL ASSISTANCE</subfield>
    <subfield code="0">(DHLAUTH)270308</subfield>
  </datafield>
  <datafield tag="650" ind1="0" ind2="7">
    <subfield code="a">MOZAMBIQUE</subfield>
    <subfield code="0">(DHLAUTH)273420</subfield>
  </datafield>
  <datafield tag="650" ind1="0" ind2="7">
    <subfield code="a">ARMED INCIDENTS</subfield>
    <subfield code="0">(DHLAUTH)268830</subfield>
  </datafield>
  <datafield tag="650" ind1="0" ind2="7">
    <subfield code="a">HUMAN RIGHTS</subfield>
    <subfield code="0">(DHLAUTH)274431</subfield>
  </datafield>
  <datafield tag="650" ind1="0" ind2="7">
    <subfield code="a">CEASEFIRES</subfield>
    <subfield code="0">(DHLAUTH)268709</subfield>
  </datafield>
  <datafield tag="650" ind1="0" ind2="7">
    <subfield code="a">SAFE AREAS</subfield>
    <subfield code="0">(DHLAUTH)276712</subfield>
  </datafield>
  <datafield tag="650" ind1="0" ind2="7">
    <subfield code="a">TROOP WITHDRAWAL</subfield>
    <subfield code="0">(DHLAUTH)268688</subfield>
  </datafield>
  <datafield tag="650" ind1="0" ind2="7">
    <subfield code="a">SERBS</subfield>
    <subfield code="0">(DHLAUTH)273222</subfield>
  </datafield>
  <datafield tag="650" ind1="0" ind2="7">
    <subfield code="a">PEACEKEEPING OPERATIONS</subfield>
    <subfield code="0">(DHLAUTH)474428</subfield>
  </datafield>
  <datafield tag="650" ind1="0" ind2="7">
    <subfield code="a">CIVILIAN PERSONS</subfield>
    <subfield code="0">(DHLAUTH)274447</subfield>
  </datafield>
  <datafield tag="650" ind1="0" ind2="7">
    <subfield code="a">HUMANITARIAN ASSISTANCE</subfield>
    <subfield code="0">(DHLAUTH)268768</subfield>
  </datafield>
  <datafield tag="650" ind1="0" ind2="7">
    <subfield code="a">SPECIAL MISSIONS</subfield>
    <subfield code="0">(DHLAUTH)268296</subfield>
  </datafield>
  <datafield tag="650" ind1="0" ind2="7">
    <subfield code="a">SREBRENICA (BOSNIA AND HERZEGOVINA)</subfield>
    <subfield code="0">(DHLAUTH)277545</subfield>
  </datafield>
  <datafield tag="650" ind1="0" ind2="7">
    <subfield code="a">BOSNIA AND HERZEGOVINA</subfield>
    <subfield code="0">(DHLAUTH)275598</subfield>
  </datafield>
  <datafield tag="650" ind1="0" ind2="7">
    <subfield code="a">CONSTITUTIONS</subfield>
    <subfield code="0">(DHLAUTH)268316</subfield>
  </datafield>
  <datafield tag="650" ind1="0" ind2="7">
    <subfield code="a">POLITICAL PARTIES</subfield>
    <subfield code="0">(DHLAUTH)268289</subfield>
  </datafield>
  <datafield tag="650" ind1="0" ind2="7">
    <subfield code="a">DETAINED PERSONS</subfield>
    <subfield code="0">(DHLAUTH)268490</subfield>
  </datafield>
  <datafield tag="650" ind1="0" ind2="7">
    <subfield code="a">WOMEN</subfield>
    <subfield code="0">(DHLAUTH)273032</subfield>
  </datafield>
  <datafield tag="650" ind1="0" ind2="7">
    <subfield code="a">PROPERTY</subfield>
    <subfield code="0">(DHLAUTH)269181</subfield>
  </datafield>
  <datafield tag="650" ind1="0" ind2="7">
    <subfield code="a">DISPLACED PERSONS</subfield>
    <subfield code="0">(DHLAUTH)273028</subfield>
  </datafield>
  <datafield tag="650" ind1="0" ind2="7">
    <subfield code="a">NEGOTIATION</subfield>
    <subfield code="0">(DHLAUTH)268593</subfield>
  </datafield>
  <datafield tag="650" ind1="0" ind2="7">
    <subfield code="a">EXPORTS</subfield>
    <subfield code="0">(DHLAUTH)271798</subfield>
  </datafield>
  <datafield tag="650" ind1="0" ind2="7">
    <subfield code="a">IMPORTS</subfield>
    <subfield code="0">(DHLAUTH)272827</subfield>
  </datafield>
  <datafield tag="650" ind1="0" ind2="7">
    <subfield code="a">RECONSTRUCTION</subfield>
    <subfield code="0">(DHLAUTH)268666</subfield>
  </datafield>
  <datafield tag="650" ind1="0" ind2="7">
    <subfield code="a">BOSNIA AND HERZEGOVINA</subfield>
    <subfield code="0">(DHLAUTH)275598</subfield>
  </datafield>
  <datafield tag="650" ind1="0" ind2="7">
    <subfield code="a">ARMS TRANSFERS</subfield>
    <subfield code="0">(DHLAUTH)268846</subfield>
  </datafield>
  <datafield tag="650" ind1="0" ind2="7">
    <subfield code="a">SANCTIONS</subfield>
    <subfield code="0">(DHLAUTH)9840</subfield>
  </datafield>
  <datafield tag="650" ind1="0" ind2="7">
    <subfield code="a">FROZEN ASSETS</subfield>
    <subfield code="0">(DHLAUTH)270365</subfield>
  </datafield>
  <datafield tag="650" ind1="0" ind2="7">
    <subfield code="a">BOUNDARIES</subfield>
    <subfield code="0">(DHLAUTH)269447</subfield>
  </datafield>
  <datafield tag="650" ind1="0" ind2="7">
    <subfield code="a">PORTS</subfield>
    <subfield code="0">(DHLAUTH)270888</subfield>
  </datafield>
  <datafield tag="650" ind1="0" ind2="7">
    <subfield code="a">TRANSSHIPMENT</subfield>
    <subfield code="0">(DHLAUTH)272795</subfield>
  </datafield>
  <datafield tag="650" ind1="0" ind2="7">
    <subfield code="a">HUMANITARIAN ASSISTANCE</subfield>
    <subfield code="0">(DHLAUTH)268768</subfield>
  </datafield>
  <datafield tag="650" ind1="0" ind2="7">
    <subfield code="a">FOOD SUPPLY</subfield>
    <subfield code="0">(DHLAUTH)271761</subfield>
  </datafield>
  <datafield tag="650" ind1="0" ind2="7">
    <subfield code="a">TELECOMMUNICATIONS</subfield>
    <subfield code="0">(DHLAUTH)272452</subfield>
  </datafield>
  <datafield tag="650" ind1="0" ind2="7">
    <subfield code="a">POSTAL SERVICES</subfield>
    <subfield code="0">(DHLAUTH)272687</subfield>
  </datafield>
  <datafield tag="650" ind1="0" ind2="7">
    <subfield code="a">LEGAL SERVICES</subfield>
    <subfield code="0">(DHLAUTH)269371</subfield>
  </datafield>
  <datafield tag="650" ind1="0" ind2="7">
    <subfield code="a">MARITIME TRAFFIC</subfield>
    <subfield code="0">(DHLAUTH)272614</subfield>
  </datafield>
  <datafield tag="650" ind1="0" ind2="7">
    <subfield code="a">YUGOSLAVIA</subfield>
    <subfield code="0">(DHLAUTH)273224</subfield>
  </datafield>
  <datafield tag="650" ind1="0" ind2="7">
    <subfield code="a">SAFE AREAS</subfield>
    <subfield code="0">(DHLAUTH)276712</subfield>
  </datafield>
  <datafield tag="650" ind1="0" ind2="7">
    <subfield code="a">TRANSSHIPMENT</subfield>
    <subfield code="0">(DHLAUTH)272795</subfield>
  </datafield>
  <datafield tag="650" ind1="0" ind2="7">
    <subfield code="a">CROATIA</subfield>
    <subfield code="0">(DHLAUTH)273223</subfield>
  </datafield>
  <datafield tag="650" ind1="0" ind2="7">
    <subfield code="a">INLAND WATER TRANSPORT</subfield>
    <subfield code="0">(DHLAUTH)270753</subfield>
  </datafield>
  <datafield tag="650" ind1="0" ind2="7">
    <subfield code="a">DANUBE RIVER</subfield>
    <subfield code="0">(DHLAUTH)276958</subfield>
  </datafield>
  <datafield tag="650" ind1="0" ind2="7">
    <subfield code="a">BOSNIA AND HERZEGOVINA SITUATION</subfield>
    <subfield code="0">(DHLAUTH)276491</subfield>
  </datafield>
  <datafield tag="650" ind1="0" ind2="7">
    <subfield code="a">FREEDOM OF MOVEMENT</subfield>
    <subfield code="0">(DHLAUTH)274452</subfield>
  </datafield>
  <datafield tag="650" ind1="0" ind2="7">
    <subfield code="a">STAFF SECURITY</subfield>
    <subfield code="0">(DHLAUTH)268648</subfield>
  </datafield>
  <datafield tag="650" ind1="0" ind2="7">
    <subfield code="a">ETHNIC CLEANSING</subfield>
    <subfield code="0">(DHLAUTH)269489</subfield>
  </datafield>
  <datafield tag="650" ind1="0" ind2="7">
    <subfield code="a">HUMAN RIGHTS IN ARMED CONFLICTS</subfield>
    <subfield code="0">(DHLAUTH)268831</subfield>
  </datafield>
  <datafield tag="650" ind1="0" ind2="7">
    <subfield code="a">MEDICAL SUPPLIES</subfield>
    <subfield code="0">(DHLAUTH)271886</subfield>
  </datafield>
  <datafield tag="650" ind1="0" ind2="7">
    <subfield code="a">SHIPS</subfield>
    <subfield code="0">(DHLAUTH)268988</subfield>
  </datafield>
  <datafield tag="650" ind1="0" ind2="7">
    <subfield code="a">CARGO</subfield>
    <subfield code="0">(DHLAUTH)269525</subfield>
  </datafield>
  <datafield tag="650" ind1="0" ind2="7">
    <subfield code="a">ROLLING STOCK</subfield>
    <subfield code="0">(DHLAUTH)272574</subfield>
  </datafield>
  <datafield tag="650" ind1="0" ind2="7">
    <subfield code="a">AIRCRAFT</subfield>
    <subfield code="0">(DHLAUTH)268854</subfield>
  </datafield>
  <datafield tag="650" ind1="0" ind2="7">
    <subfield code="a">NOTIFICATION (INTERNATIONAL RELATIONS)</subfield>
    <subfield code="0">(DHLAUTH)268677</subfield>
  </datafield>
  <datafield tag="650" ind1="0" ind2="7">
    <subfield code="a">CONFISCATIONS</subfield>
    <subfield code="0">(DHLAUTH)269235</subfield>
  </datafield>
  <datafield tag="650" ind1="0" ind2="7">
    <subfield code="a">MOZAMBIQUE SITUATION</subfield>
    <subfield code="0">(DHLAUTH)275502</subfield>
  </datafield>
  <datafield tag="650" ind1="0" ind2="7">
    <subfield code="a">TRAINING PROGRAMMES</subfield>
    <subfield code="0">(DHLAUTH)274026</subfield>
  </datafield>
  <datafield tag="650" ind1="0" ind2="7">
    <subfield code="a">MILITARY PERSONNEL</subfield>
    <subfield code="0">(DHLAUTH)268838</subfield>
  </datafield>
  <datafield tag="650" ind1="0" ind2="7">
    <subfield code="a">CONSULTATIONS</subfield>
    <subfield code="0">(DHLAUTH)268747</subfield>
  </datafield>
  <datafield tag="650" ind1="0" ind2="7">
    <subfield code="a">VERIFICATION</subfield>
    <subfield code="0">(DHLAUTH)268892</subfield>
  </datafield>
  <datafield tag="710" ind1="2" ind2="0">
    <subfield code="a">UN. Secretary-General</subfield>
    <subfield code="0">(DHLAUTH)10663</subfield>
  </datafield>
  <datafield tag="856" ind1="4" ind2=" ">
    <subfield code="y">العربية</subfield>
    <subfield code="9">bce4ffa0-d1f4-462e-af5b-923c2a87a68f</subfield>
    <subfield code="s">462255</subfield>
    <subfield code="u">https://digitallibrary.un.org/record/166105/files/S_25070_Add.15-AR.pdf</subfield>
  </datafield>
  <datafield tag="856" ind1="4" ind2=" ">
    <subfield code="y">中文</subfield>
    <subfield code="9">d87fdd0d-6192-4df4-b31a-ed43e61a8d43</subfield>
    <subfield code="s">736781</subfield>
    <subfield code="u">https://digitallibrary.un.org/record/166105/files/S_25070_Add.15-ZH.pdf</subfield>
  </datafield>
  <datafield tag="856" ind1="4" ind2=" ">
    <subfield code="y">English</subfield>
    <subfield code="9">bc679643-f338-4f7d-a334-836e01528e35</subfield>
    <subfield code="s">744332</subfield>
    <subfield code="u">https://digitallibrary.un.org/record/166105/files/S_25070_Add.15-EN.pdf</subfield>
  </datafield>
  <datafield tag="856" ind1="4" ind2=" ">
    <subfield code="y">Français</subfield>
    <subfield code="9">1a432632-d0b1-4abd-97ea-adbe71b2db6f</subfield>
    <subfield code="s">773712</subfield>
    <subfield code="u">https://digitallibrary.un.org/record/166105/files/S_25070_Add.15-FR.pdf</subfield>
  </datafield>
  <datafield tag="856" ind1="4" ind2=" ">
    <subfield code="y">Русский</subfield>
    <subfield code="9">d3dea5aa-1431-47ed-a24d-8929f137e5f8</subfield>
    <subfield code="s">728792</subfield>
    <subfield code="u">https://digitallibrary.un.org/record/166105/files/S_25070_Add.15-RU.pdf</subfield>
  </datafield>
  <datafield tag="856" ind1="4" ind2=" ">
    <subfield code="y">Español</subfield>
    <subfield code="9">e9150f48-a264-470e-8d85-288204050c4c</subfield>
    <subfield code="s">795208</subfield>
    <subfield code="u">https://digitallibrary.un.org/record/166105/files/S_25070_Add.15-ES.pdf</subfield>
  </datafield>
  <datafield tag="930" ind1=" " ind2=" ">
    <subfield code="a">UNDJUL93</subfield>
  </datafield>
  <datafield tag="930" ind1=" " ind2=" ">
    <subfield code="a">CHCJUN93</subfield>
  </datafield>
  <datafield tag="949" ind1=" " ind2=" ">
    <subfield code="9">S/25070/Add.15</subfield>
    <subfield code="b">mq378711</subfield>
    <subfield code="i">378711</subfield>
    <subfield code="k">unes</subfield>
    <subfield code="l">DHL</subfield>
    <subfield code="z">i</subfield>
    <subfield code="m">vcirc</subfield>
    <subfield code="d">19961230000000</subfield>
  </datafield>
  <datafield tag="955" ind1=" " ind2=" ">
    <subfield code="a">18210100</subfield>
  </datafield>
  <datafield tag="980" ind1=" " ind2=" ">
    <subfield code="a">BIB</subfield>
  </datafield>
  <datafield tag="981" ind1=" " ind2=" ">
    <subfield code="a">Security Council</subfield>
  </datafield>
  <datafield tag="989" ind1=" " ind2=" ">
    <subfield code="a">Documents and Publications</subfield>
  </datafield>
  <datafield tag="991" ind1="3" ind2=" ">
    <subfield code="a">S/48</subfield>
    <subfield code="b">[12]</subfield>
    <subfield code="d">UN. SECURITY COUNCIL (1993)--AGENDA</subfield>
    <subfield code="f">X01</subfield>
    <subfield code="0">(DHLAUTH)421462</subfield>
  </datafield>
  <datafield tag="998" ind1=" " ind2=" ">
    <subfield code="a">19961227000000</subfield>
    <subfield code="c">20220624111700</subfield>
    <subfield code="d">sh35cat</subfield>
    <subfield code="x">0x00010000c6b3a7d2</subfield>
    <subfield code="z">20220624152232</subfield>
  </datafield>
</record>