
<record>
  <controlfield tag="000">02087cam\\2200565#a\4500</controlfield>
  <controlfield tag="001">485648</controlfield>
  <controlfield tag="005">20191105174531.0</controlfield>
  <controlfield tag="008">030129c2002\\\\usa\\\\\r\\\\\00010\eng\d</controlfield>
  <datafield tag="029" ind1=" " ind2=" ">
    <subfield code="a">JN</subfield>
    <subfield code="b">N0275726 E</subfield>
  </datafield>
  <datafield tag="035" ind1=" " ind2=" ">
    <subfield code="a">D700105X</subfield>
    <subfield code="z">D0286925</subfield>
  </datafield>
  <datafield tag="035" ind1=" " ind2=" ">
    <subfield code="a">(DHL)700105</subfield>
  </datafield>
  <datafield tag="039" ind1=" " ind2=" ">
    <subfield code="a">DHU</subfield>
  </datafield>
  <datafield tag="040" ind1=" " ind2=" ">
    <subfield code="a">NNUN</subfield>
    <subfield code="b">eng</subfield>
  </datafield>
  <datafield tag="041" ind1=" " ind2=" ">
    <subfield code="a">arachiengfrerusspa</subfield>
  </datafield>
  <datafield tag="049" ind1=" " ind2=" ">
    <subfield code="a">USA</subfield>
  </datafield>
  <datafield tag="089" ind1=" " ind2=" ">
    <subfield code="b">B15</subfield>
  </datafield>
  <datafield tag="089" ind1=" " ind2=" ">
    <subfield code="b">B16</subfield>
  </datafield>
  <datafield tag="089" ind1=" " ind2=" ">
    <subfield code="b">B11</subfield>
  </datafield>
  <datafield tag="091" ind1=" " ind2=" ">
    <subfield code="a">GEN</subfield>
  </datafield>
  <datafield tag="099" ind1=" " ind2=" ">
    <subfield code="a">UNH</subfield>
    <subfield code="b">DHU</subfield>
  </datafield>
  <datafield tag="191" ind1=" " ind2=" ">
    <subfield code="0">1116798</subfield>
    <subfield code="9">G00</subfield>
    <subfield code="a">A/57/687</subfield>
    <subfield code="b">A/</subfield>
    <subfield code="c">57</subfield>
    <subfield code="f">4.0179</subfield>
    <subfield code="q">A57687</subfield>
    <subfield code="r">A57</subfield>
  </datafield>
  <datafield tag="245" ind1="1" ind2="0">
    <subfield code="a">Budget for the United Nations Peacekeeping Force in Cyprus for the period from 1 July 2003 to 30 June 2004 :</subfield>
    <subfield code="b">report of the Secretary-General</subfield>
  </datafield>
  <datafield tag="260" ind1=" " ind2=" ">
    <subfield code="a">[New York] :</subfield>
    <subfield code="b">UN,</subfield>
    <subfield code="c">5 Feb. 2003</subfield>
  </datafield>
  <datafield tag="269" ind1=" " ind2=" ">
    <subfield code="a">2003-02-05</subfield>
  </datafield>
  <datafield tag="300" ind1=" " ind2=" ">
    <subfield code="a">16 p. :</subfield>
    <subfield code="b">chart, map, tables</subfield>
  </datafield>
  <datafield tag="500" ind1=" " ind2=" ">
    <subfield code="a">Includes#UN map no. 2930 rev.52: UNFICYP deployment as of November 2002#(Nov. 2002).</subfield>
  </datafield>
  <datafield tag="596" ind1=" " ind2=" ">
    <subfield code="a">Reissued in Arabic, English French and Spanish for technical reasons.</subfield>
  </datafield>
  <datafield tag="610" ind1="2" ind2="7">
    <subfield code="0">1033028</subfield>
    <subfield code="a">UN Peacekeeping Force in Cyprus</subfield>
    <subfield code="g">Financing</subfield>
  </datafield>
  <datafield tag="610" ind1="2" ind2="7">
    <subfield code="0">1129283</subfield>
    <subfield code="a">UN Peacekeeping Force in Cyprus</subfield>
    <subfield code="g">Budget (2003-2004)</subfield>
  </datafield>
  <datafield tag="610" ind1="2" ind2="4">
    <subfield code="0">1033765</subfield>
    <subfield code="a">UN Peacekeeping Force in Cyprus</subfield>
    <subfield code="g">Budget contributions</subfield>
  </datafield>
  <datafield tag="610" ind1="2" ind2="4">
    <subfield code="0">1033812</subfield>
    <subfield code="a">UN Peacekeeping Force in Cyprus</subfield>
    <subfield code="g">Organizational structure</subfield>
  </datafield>
  <datafield tag="610" ind1="2" ind2="4">
    <subfield code="0">954564</subfield>
    <subfield code="a">UN. Board of Auditors</subfield>
    <subfield code="g">Recommendations</subfield>
  </datafield>
  <datafield tag="650" ind1="1" ind2="7">
    <subfield code="0">1278724</subfield>
    <subfield code="2">unbist</subfield>
    <subfield code="a">MAPS</subfield>
  </datafield>
  <datafield tag="650" ind1="1" ind2="7">
    <subfield code="0">1277954</subfield>
    <subfield code="a">PEACEKEEPING OPERATIONS</subfield>
  </datafield>
  <datafield tag="650" ind1="1" ind2="7">
    <subfield code="0">1283959</subfield>
    <subfield code="2">unbist</subfield>
    <subfield code="a">FINANCIAL RESOURCES</subfield>
  </datafield>
  <datafield tag="650" ind1="1" ind2="7">
    <subfield code="0">1283726</subfield>
    <subfield code="2">unbist</subfield>
    <subfield code="a">COSTS</subfield>
  </datafield>
  <datafield tag="650" ind1="2" ind2="7">
    <subfield code="0">1282645</subfield>
    <subfield code="2">unbist</subfield>
    <subfield code="a">STAFFING</subfield>
  </datafield>
  <datafield tag="650" ind1="2" ind2="7">
    <subfield code="0">1278018</subfield>
    <subfield code="2">unbist</subfield>
    <subfield code="a">MILITARY PERSONNEL</subfield>
  </datafield>
  <datafield tag="650" ind1="2" ind2="7">
    <subfield code="0">1279339</subfield>
    <subfield code="2">unbist</subfield>
    <subfield code="a">EQUIPMENT AND SUPPLIES</subfield>
  </datafield>
  <datafield tag="650" ind1="2" ind2="7">
    <subfield code="0">1282522</subfield>
    <subfield code="2">unbist</subfield>
    <subfield code="a">APPROPRIATIONS</subfield>
  </datafield>
  <datafield tag="651" ind1="1" ind2="7">
    <subfield code="0">1282224</subfield>
    <subfield code="a">CYPRUS</subfield>
  </datafield>
  <datafield tag="710" ind1="2" ind2="0">
    <subfield code="0">864434</subfield>
    <subfield code="a">UN. Secretary-General</subfield>
  </datafield>
  <datafield tag="856" ind1="4" ind2=" ">
    <subfield code="s">417398</subfield>
    <subfield code="u">http://digitallibrary.un.org/record/485648/files/A_57_687-AR.pdf</subfield>
    <subfield code="y">العربية</subfield>
  </datafield>
  <datafield tag="856" ind1="4" ind2=" ">
    <subfield code="s">553361</subfield>
    <subfield code="u">http://digitallibrary.un.org/record/485648/files/A_57_687-ZH.pdf</subfield>
    <subfield code="y">中文</subfield>
  </datafield>
  <datafield tag="856" ind1="4" ind2=" ">
    <subfield code="s">468436</subfield>
    <subfield code="u">http://digitallibrary.un.org/record/485648/files/A_57_687-EN.pdf</subfield>
    <subfield code="y">English</subfield>
  </datafield>
  <datafield tag="856" ind1="4" ind2=" ">
    <subfield code="s">566408</subfield>
    <subfield code="u">http://digitallibrary.un.org/record/485648/files/A_57_687-FR.pdf</subfield>
    <subfield code="y">Français</subfield>
  </datafield>
  <datafield tag="856" ind1="4" ind2=" ">
    <subfield code="s">644347</subfield>
    <subfield code="u">http://digitallibrary.un.org/record/485648/files/A_57_687-RU.pdf</subfield>
    <subfield code="y">Русский</subfield>
  </datafield>
  <datafield tag="856" ind1="4" ind2=" ">
    <subfield code="s">584578</subfield>
    <subfield code="u">http://digitallibrary.un.org/record/485648/files/A_57_687-ES.pdf</subfield>
    <subfield code="y">Español</subfield>
  </datafield>
  <datafield tag="930" ind1=" " ind2=" ">
    <subfield code="a">UNDJA03</subfield>
  </datafield>
  <datafield tag="930" ind1=" " ind2=" ">
    <subfield code="a">UDIQ402</subfield>
    <subfield code="b">4.0179</subfield>
  </datafield>
  <datafield tag="949" ind1=" " ind2=" ">
    <subfield code="9">A/57/687</subfield>
    <subfield code="b">1107021.3.1</subfield>
    <subfield code="c">c. 1</subfield>
    <subfield code="d">20030128190000</subfield>
    <subfield code="i">1107021</subfield>
    <subfield code="k">unfs</subfield>
    <subfield code="l">DHL</subfield>
    <subfield code="m">14day</subfield>
    <subfield code="z">t</subfield>
  </datafield>
  <datafield tag="949" ind1=" " ind2=" ">
    <subfield code="9">A/57/687</subfield>
    <subfield code="b">1107022.4.1</subfield>
    <subfield code="c">c. 1</subfield>
    <subfield code="d">20030128190000</subfield>
    <subfield code="i">1107022</subfield>
    <subfield code="k">unrs</subfield>
    <subfield code="l">DHL</subfield>
    <subfield code="m">14day</subfield>
    <subfield code="z">t</subfield>
  </datafield>
  <datafield tag="949" ind1=" " ind2=" ">
    <subfield code="9">A/57/687</subfield>
    <subfield code="b">1107020.2.1</subfield>
    <subfield code="c">c. 1</subfield>
    <subfield code="d">20030128190000</subfield>
    <subfield code="i">1107020</subfield>
    <subfield code="k">unes</subfield>
    <subfield code="l">DHL</subfield>
    <subfield code="m">14day</subfield>
    <subfield code="z">t</subfield>
  </datafield>
  <datafield tag="949" ind1=" " ind2=" ">
    <subfield code="9">A/57/687</subfield>
    <subfield code="b">7001051</subfield>
    <subfield code="c">c. 1</subfield>
    <subfield code="d">20030128190000</subfield>
    <subfield code="i">1107013</subfield>
    <subfield code="k">unas</subfield>
    <subfield code="l">DHL</subfield>
    <subfield code="m">14day</subfield>
    <subfield code="z">t</subfield>
  </datafield>
  <datafield tag="949" ind1=" " ind2=" ">
    <subfield code="9">A/57/687</subfield>
    <subfield code="b">1107023.5.1</subfield>
    <subfield code="c">c. 1</subfield>
    <subfield code="d">20030128190000</subfield>
    <subfield code="i">1107023</subfield>
    <subfield code="k">unss</subfield>
    <subfield code="l">DHL</subfield>
    <subfield code="m">14day</subfield>
    <subfield code="z">t</subfield>
  </datafield>
  <datafield tag="949" ind1=" " ind2=" ">
    <subfield code="9">A/57/687</subfield>
    <subfield code="b">1107019.1.1</subfield>
    <subfield code="c">c. 1</subfield>
    <subfield code="d">20030128190000</subfield>
    <subfield code="i">1107019</subfield>
    <subfield code="k">uncs</subfield>
    <subfield code="l">DHL</subfield>
    <subfield code="m">14day</subfield>
    <subfield code="z">t</subfield>
  </datafield>
  <datafield tag="980" ind1=" " ind2=" ">
    <subfield code="a">BIB</subfield>
  </datafield>
  <datafield tag="981" ind1=" " ind2=" ">
    <subfield code="a">General Assembly</subfield>
    <subfield code="b">General Assembly Plenary</subfield>
  </datafield>
  <datafield tag="989" ind1=" " ind2=" ">
    <subfield code="a">Documents and Publications</subfield>
    <subfield code="b">Reports</subfield>
    <subfield code="c">Secretary-General's Reports</subfield>
  </datafield>
  <datafield tag="991" ind1="1" ind2=" ">
    <subfield code="a">A/57/251</subfield>
    <subfield code="b">142</subfield>
    <subfield code="c">Financing of the United Nations Peacekeeping Force in Cyprus.</subfield>
    <subfield code="d">UN PEACEKEEPING FORCE IN CYPRUS--FINANCING</subfield>
    <subfield code="z">I0177203</subfield>
    <subfield code="0">(DHLAUTH)619853</subfield>
  </datafield>
  <datafield tag="998" ind1=" " ind2=" ">
    <subfield code="a">20030128190000</subfield>
    <subfield code="b">dgcat</subfield>
    <subfield code="c">20160728064800</subfield>
    <subfield code="d">shkcat</subfield>
  </datafield>
  <datafield tag="999" ind1=" " ind2=" ">
    <subfield code="a">SLu20030305</subfield>
    <subfield code="b">20030305</subfield>
    <subfield code="c">u</subfield>
  </datafield>
  <datafield tag="999" ind1=" " ind2=" ">
    <subfield code="a">nvu20030304</subfield>
    <subfield code="b">20030304</subfield>
    <subfield code="c">u</subfield>
  </datafield>
  <datafield tag="999" ind1=" " ind2=" ">
    <subfield code="a">dgu20030304</subfield>
    <subfield code="b">20030304</subfield>
    <subfield code="c">u</subfield>
  </datafield>
  <datafield tag="999" ind1=" " ind2=" ">
    <subfield code="a">pgt20030129</subfield>
    <subfield code="b">20030129</subfield>
    <subfield code="c">t</subfield>
  </datafield>
  <datafield tag="999" ind1=" " ind2=" ">
    <subfield code="a">SLr20030129</subfield>
    <subfield code="b">20030129</subfield>
    <subfield code="c">r</subfield>
  </datafield>
  <datafield tag="999" ind1=" " ind2=" ">
    <subfield code="a">nvc20030129</subfield>
    <subfield code="b">20030129</subfield>
    <subfield code="c">c</subfield>
  </datafield>
  <datafield tag="999" ind1=" " ind2=" ">
    <subfield code="a">nvp20030129</subfield>
    <subfield code="b">20030129</subfield>
    <subfield code="c">p</subfield>
  </datafield>
  <datafield tag="999" ind1=" " ind2=" ">
    <subfield code="a">dgq20030129</subfield>
    <subfield code="b">20030129</subfield>
    <subfield code="c">q</subfield>
  </datafield>
  <datafield tag="999" ind1=" " ind2=" ">
    <subfield code="a">nmu20030305</subfield>
    <subfield code="b">20030305</subfield>
    <subfield code="c">u</subfield>
  </datafield>
</record>