
<record>
  <controlfield tag="000">02826cam a2200505#a 450|</controlfield>
  <controlfield tag="001">416397</controlfield>
  <controlfield tag="005">20181207022002.0</controlfield>
  <controlfield tag="008">990917c1999    usa     r     00010 eng d</controlfield>
  <datafield tag="029" ind1=" " ind2=" ">
    <subfield code="a">JN</subfield>
    <subfield code="b">N0053953 E</subfield>
  </datafield>
  <datafield tag="035" ind1=" " ind2=" ">
    <subfield code="a">D618733X</subfield>
    <subfield code="z">D0252005</subfield>
  </datafield>
  <datafield tag="035" ind1=" " ind2=" ">
    <subfield code="a">(DHL)618733</subfield>
  </datafield>
  <datafield tag="039" ind1=" " ind2=" ">
    <subfield code="a">DHU</subfield>
  </datafield>
  <datafield tag="040" ind1=" " ind2=" ">
    <subfield code="a">NNUN</subfield>
    <subfield code="b">eng</subfield>
  </datafield>
  <datafield tag="041" ind1="0" ind2=" ">
    <subfield code="a">arachiengfrerusspa</subfield>
  </datafield>
  <datafield tag="049" ind1=" " ind2=" ">
    <subfield code="a">USA</subfield>
  </datafield>
  <datafield tag="089" ind1=" " ind2=" ">
    <subfield code="b">B01</subfield>
  </datafield>
  <datafield tag="091" ind1=" " ind2=" ">
    <subfield code="a">GEN</subfield>
  </datafield>
  <datafield tag="099" ind1=" " ind2=" ">
    <subfield code="a">UNH</subfield>
    <subfield code="b">DHU</subfield>
  </datafield>
  <datafield tag="191" ind1=" " ind2=" ">
    <subfield code="a">A/RES/54/260B</subfield>
    <subfield code="b">A/</subfield>
    <subfield code="c">54</subfield>
    <subfield code="9">G99</subfield>
    <subfield code="f">1.0663</subfield>
    <subfield code="q">ARES54260B</subfield>
    <subfield code="r">A54</subfield>
    <subfield code="0">(DHLAUTH)527213</subfield>
  </datafield>
  <datafield tag="245" ind1="1" ind2="0">
    <subfield code="a">Financing of the United Nations Organization Mission in the Democratic Republic of the Congo :</subfield>
    <subfield code="b">resolution /</subfield>
    <subfield code="c">adopted by the General Assembly</subfield>
  </datafield>
  <datafield tag="249" ind1=" " ind2=" ">
    <subfield code="a">Financing of the UN Organization Mission in the Democratic Republic of the Congo (MONUC)</subfield>
  </datafield>
  <datafield tag="260" ind1=" " ind2=" ">
    <subfield code="a">[New York] :</subfield>
    <subfield code="b">UN,</subfield>
    <subfield code="c">21 July 2000</subfield>
  </datafield>
  <datafield tag="269" ind1=" " ind2=" ">
    <subfield code="a">2000-07-21</subfield>
  </datafield>
  <datafield tag="300" ind1=" " ind2=" ">
    <subfield code="a">2 p.</subfield>
  </datafield>
  <datafield tag="592" ind1=" " ind2=" ">
    <subfield code="a">Issued in GAOR, 54th sess., Suppl. no. 49.</subfield>
  </datafield>
  <datafield tag="610" ind1="2" ind2="7">
    <subfield code="a">UN Organization Mission in the Democratic Republic of the Congo</subfield>
    <subfield code="g">Financing</subfield>
    <subfield code="2">unbisn</subfield>
    <subfield code="0">(DHLAUTH)582965</subfield>
  </datafield>
  <datafield tag="650" ind1="1" ind2="7">
    <subfield code="a">PEACEKEEPING OPERATIONS</subfield>
    <subfield code="2">unbist</subfield>
    <subfield code="0">(DHLAUTH)474428</subfield>
  </datafield>
  <datafield tag="650" ind1="1" ind2="7">
    <subfield code="a">MILITARY PERSONNEL</subfield>
    <subfield code="2">unbist</subfield>
    <subfield code="0">(DHLAUTH)268838</subfield>
  </datafield>
  <datafield tag="651" ind1="1" ind2="7">
    <subfield code="a">DEMOCRATIC REPUBLIC OF THE CONGO</subfield>
    <subfield code="2">unbist</subfield>
    <subfield code="0">(DHLAUTH)450182</subfield>
  </datafield>
  <datafield tag="710" ind1="2" ind2=" ">
    <subfield code="a">UN. General Assembly (54th sess. : 1999-2000)</subfield>
    <subfield code="0">(DHLAUTH)507357</subfield>
  </datafield>
  <datafield tag="793" ind1=" " ind2=" ">
    <subfield code="a">PL</subfield>
  </datafield>
  <datafield tag="856" ind1="4" ind2=" ">
    <subfield code="y">العربية</subfield>
    <subfield code="s">95959</subfield>
    <subfield code="u">http://digitallibrary.un.org/record/416397/files/A_RES_54_260B-AR.pdf</subfield>
  </datafield>
  <datafield tag="856" ind1="4" ind2=" ">
    <subfield code="y">Other</subfield>
    <subfield code="s">10377</subfield>
    <subfield code="u">http://digitallibrary.un.org/record/416397/files/A_RES_54_260B-DE.pdf</subfield>
  </datafield>
  <datafield tag="856" ind1="4" ind2=" ">
    <subfield code="y">English</subfield>
    <subfield code="s">18773</subfield>
    <subfield code="u">http://digitallibrary.un.org/record/416397/files/A_RES_54_260B-EN.pdf</subfield>
  </datafield>
  <datafield tag="856" ind1="4" ind2=" ">
    <subfield code="y">Español</subfield>
    <subfield code="s">21361</subfield>
    <subfield code="u">http://digitallibrary.un.org/record/416397/files/A_RES_54_260B-ES.pdf</subfield>
  </datafield>
  <datafield tag="856" ind1="4" ind2=" ">
    <subfield code="y">Français</subfield>
    <subfield code="s">20260</subfield>
    <subfield code="u">http://digitallibrary.un.org/record/416397/files/A_RES_54_260B-FR.pdf</subfield>
  </datafield>
  <datafield tag="856" ind1="4" ind2=" ">
    <subfield code="y">Русский</subfield>
    <subfield code="s">51810</subfield>
    <subfield code="u">http://digitallibrary.un.org/record/416397/files/A_RES_54_260B-RU.pdf</subfield>
  </datafield>
  <datafield tag="856" ind1="4" ind2=" ">
    <subfield code="y">中文</subfield>
    <subfield code="s">122337</subfield>
    <subfield code="u">http://digitallibrary.un.org/record/416397/files/A_RES_54_260B-ZH.pdf</subfield>
  </datafield>
  <datafield tag="930" ind1=" " ind2=" ">
    <subfield code="a">UDIQ100</subfield>
    <subfield code="b">1.0663</subfield>
  </datafield>
  <datafield tag="930" ind1=" " ind2=" ">
    <subfield code="a">UPDQ100</subfield>
  </datafield>
  <datafield tag="930" ind1=" " ind2=" ">
    <subfield code="a">UND</subfield>
  </datafield>
  <datafield tag="949" ind1=" " ind2=" ">
    <subfield code="9">A/RES/54/260B</subfield>
    <subfield code="b">879206.3.1</subfield>
    <subfield code="i">879206</subfield>
    <subfield code="k">unrs</subfield>
    <subfield code="c">c. 1</subfield>
    <subfield code="l">DHL</subfield>
    <subfield code="z">t</subfield>
    <subfield code="m">14day</subfield>
    <subfield code="d">20000806200000</subfield>
  </datafield>
  <datafield tag="949" ind1=" " ind2=" ">
    <subfield code="9">A/RES/54/260B</subfield>
    <subfield code="b">879208.5.1</subfield>
    <subfield code="i">879208</subfield>
    <subfield code="k">unas</subfield>
    <subfield code="c">c. 1</subfield>
    <subfield code="l">DHL</subfield>
    <subfield code="z">t</subfield>
    <subfield code="m">14day</subfield>
    <subfield code="d">20000806200000</subfield>
  </datafield>
  <datafield tag="949" ind1=" " ind2=" ">
    <subfield code="9">A/RES/54/260B</subfield>
    <subfield code="b">879205.2.1</subfield>
    <subfield code="i">879205</subfield>
    <subfield code="k">unfs</subfield>
    <subfield code="c">c. 1</subfield>
    <subfield code="l">DHL</subfield>
    <subfield code="z">t</subfield>
    <subfield code="m">14day</subfield>
    <subfield code="d">20000806200000</subfield>
  </datafield>
  <datafield tag="949" ind1=" " ind2=" ">
    <subfield code="9">A/RES/54/260B</subfield>
    <subfield code="b">879204.1.1</subfield>
    <subfield code="i">879204</subfield>
    <subfield code="k">unes</subfield>
    <subfield code="c">c. 1</subfield>
    <subfield code="l">DHL</subfield>
    <subfield code="z">t</subfield>
    <subfield code="m">14day</subfield>
    <subfield code="d">20000806200000</subfield>
  </datafield>
  <datafield tag="949" ind1=" " ind2=" ">
    <subfield code="9">A/RES/54/260B</subfield>
    <subfield code="b">879207.4.1</subfield>
    <subfield code="i">879207</subfield>
    <subfield code="k">unss</subfield>
    <subfield code="c">c. 1</subfield>
    <subfield code="l">DHL</subfield>
    <subfield code="z">t</subfield>
    <subfield code="m">14day</subfield>
    <subfield code="d">20000806200000</subfield>
  </datafield>
  <datafield tag="949" ind1=" " ind2=" ">
    <subfield code="9">A/RES/54/260B</subfield>
    <subfield code="b">879209.6.1</subfield>
    <subfield code="i">879209</subfield>
    <subfield code="k">uncs</subfield>
    <subfield code="c">c. 1</subfield>
    <subfield code="l">DHL</subfield>
    <subfield code="z">t</subfield>
    <subfield code="m">14day</subfield>
    <subfield code="d">20000806200000</subfield>
  </datafield>
  <datafield tag="980" ind1=" " ind2=" ">
    <subfield code="a">BIB</subfield>
  </datafield>
  <datafield tag="981" ind1=" " ind2=" ">
    <subfield code="a">General Assembly</subfield>
    <subfield code="b">General Assembly Plenary</subfield>
  </datafield>
  <datafield tag="989" ind1=" " ind2=" ">
    <subfield code="a">Documents and Publications</subfield>
    <subfield code="b">Resolutions and Decisions</subfield>
  </datafield>
  <datafield tag="991" ind1="1" ind2=" ">
    <subfield code="a">A/54/251</subfield>
    <subfield code="b">175</subfield>
    <subfield code="c">Financing of the United Nations Organization Mission in the Democratic Republic of the Congo.</subfield>
    <subfield code="d">UN ORGANIZATION MISSION IN THE DEMOCRATIC REPUBLIC OF THE CONGO--FINANCING</subfield>
    <subfield code="z">I0140733</subfield>
    <subfield code="0">(DHLAUTH)581369</subfield>
  </datafield>
  <datafield tag="992" ind1=" " ind2=" ">
    <subfield code="a">2000-06-15</subfield>
  </datafield>
  <datafield tag="993" ind1="2" ind2=" ">
    <subfield code="a">A/C.5/54/L.79</subfield>
  </datafield>
  <datafield tag="993" ind1="3" ind2=" ">
    <subfield code="a">A/54/830/Add.1</subfield>
  </datafield>
  <datafield tag="993" ind1="4" ind2=" ">
    <subfield code="a">A/54/PV.98</subfield>
  </datafield>
  <datafield tag="995" ind1=" " ind2=" ">
    <subfield code="a">Notes that, by 30 June 2000, only 500 UN military observers and 100 civilian support staff out of up to 5,537 military personnel, including up to 500 military observers, as indicated by the Secretary-General in his report, will have been deployed to MONUC; decides to reduce the commitment authority provided for in its resolution 54/260 A of 7 Apr. 2000, totalling US$200 million gross for the operation of the Mission for the period 6 Aug. 1999-30 June 2000, to the amount of $58,681,000 gross; authorizes the Secretary-General to enter into commitments for the operation of the Mission for the period 1 July 2000-30 June 2001 in an amount not exceeding $141,319,000 gross, which represents the difference between the commitment authority provided for in its resolution 54/260 A for the period 6 Aug. 1999-30 June 2000 and the reduced commitment authority provided for in paragraph 3 above.</subfield>
  </datafield>
  <datafield tag="996" ind1=" " ind2=" ">
    <subfield code="a">Adopted without vote, 98th meeting</subfield>
  </datafield>
  <datafield tag="998" ind1=" " ind2=" ">
    <subfield code="a">20000618200000</subfield>
    <subfield code="b">nvcat</subfield>
    <subfield code="c">20160728064800</subfield>
    <subfield code="d">shkcat</subfield>
    <subfield code="z">20181206180105</subfield>
  </datafield>
  <datafield tag="999" ind1=" " ind2=" ">
    <subfield code="a">pgu20010208</subfield>
    <subfield code="c">u</subfield>
  </datafield>
  <datafield tag="999" ind1=" " ind2=" ">
    <subfield code="a">rt</subfield>
    <subfield code="b">20000810</subfield>
    <subfield code="c">u</subfield>
  </datafield>
  <datafield tag="999" ind1=" " ind2=" ">
    <subfield code="a">js</subfield>
    <subfield code="b">20000808</subfield>
    <subfield code="c">r</subfield>
  </datafield>
  <datafield tag="999" ind1=" " ind2=" ">
    <subfield code="a">SL</subfield>
    <subfield code="b">20000807</subfield>
    <subfield code="c">c</subfield>
  </datafield>
  <datafield tag="999" ind1=" " ind2=" ">
    <subfield code="a">pg</subfield>
    <subfield code="b">20000726</subfield>
    <subfield code="c">u</subfield>
  </datafield>
  <datafield tag="999" ind1=" " ind2=" ">
    <subfield code="a">nv</subfield>
    <subfield code="b">20000619</subfield>
    <subfield code="c">p</subfield>
  </datafield>
  <datafield tag="999" ind1=" " ind2=" ">
    <subfield code="a">nm</subfield>
    <subfield code="b">20000807</subfield>
    <subfield code="c">q</subfield>
  </datafield>
</record>