
<record>
  <controlfield tag="000">00000nam a2200025#a 450|</controlfield>
  <controlfield tag="001">710442</controlfield>
  <controlfield tag="005">20181207213722.0</controlfield>
  <controlfield tag="008">110913s2011    usa    #r     |||1| eng d</controlfield>
  <datafield tag="029" ind1=" " ind2=" ">
    <subfield code="a">JN</subfield>
    <subfield code="b">N1053024 E</subfield>
  </datafield>
  <datafield tag="035" ind1=" " ind2=" ">
    <subfield code="a">D954901X</subfield>
    <subfield code="z">D0382281</subfield>
  </datafield>
  <datafield tag="035" ind1=" " ind2=" ">
    <subfield code="a">(DHL)954901</subfield>
  </datafield>
  <datafield tag="039" ind1=" " ind2=" ">
    <subfield code="a">DHU</subfield>
  </datafield>
  <datafield tag="040" ind1=" " ind2=" ">
    <subfield code="a">NNUN</subfield>
    <subfield code="b">eng</subfield>
  </datafield>
  <datafield tag="041" ind1="0" ind2=" ">
    <subfield code="a">arachiengfrerusspa</subfield>
  </datafield>
  <datafield tag="049" ind1=" " ind2=" ">
    <subfield code="a">usa</subfield>
  </datafield>
  <datafield tag="089" ind1=" " ind2=" ">
    <subfield code="b">B01</subfield>
  </datafield>
  <datafield tag="091" ind1=" " ind2=" ">
    <subfield code="a">GEN</subfield>
  </datafield>
  <datafield tag="099" ind1=" " ind2=" ">
    <subfield code="a">UNH</subfield>
    <subfield code="b">DHU</subfield>
  </datafield>
  <datafield tag="191" ind1=" " ind2=" ">
    <subfield code="a">A/RES/65/295</subfield>
    <subfield code="b">A/</subfield>
    <subfield code="c">65</subfield>
    <subfield code="9">G99</subfield>
    <subfield code="q">ARES65295</subfield>
    <subfield code="r">A65</subfield>
    <subfield code="0">(DHLAUTH)778069</subfield>
  </datafield>
  <datafield tag="245" ind1="1" ind2="0">
    <subfield code="a">Financing of the United Nations Peacekeeping Force in Cyprus :</subfield>
    <subfield code="b">resolution /</subfield>
    <subfield code="c">adopted by the General Assembly</subfield>
  </datafield>
  <datafield tag="260" ind1=" " ind2=" ">
    <subfield code="a">[New York] :</subfield>
    <subfield code="b">UN,</subfield>
    <subfield code="c">30 Aug. 2011</subfield>
  </datafield>
  <datafield tag="269" ind1=" " ind2=" ">
    <subfield code="a">2011-08-30</subfield>
  </datafield>
  <datafield tag="300" ind1=" " ind2=" ">
    <subfield code="a">4 p.</subfield>
  </datafield>
  <datafield tag="500" ind1=" " ind2=" ">
    <subfield code="a">Issued in GAOR, 65th sess., Suppl. no. 49.</subfield>
  </datafield>
  <datafield tag="610" ind1="2" ind2="7">
    <subfield code="a">UN Peacekeeping Force in Cyprus</subfield>
    <subfield code="g">Budget (2011-2012)</subfield>
    <subfield code="2">unbisn</subfield>
    <subfield code="0">(DHLAUTH)795635</subfield>
  </datafield>
  <datafield tag="610" ind1="2" ind2="7">
    <subfield code="a">UN Peacekeeping Force in Cyprus</subfield>
    <subfield code="g">Budget contributions (2010-2011)</subfield>
    <subfield code="2">unbisn</subfield>
    <subfield code="0">(DHLAUTH)804144</subfield>
  </datafield>
  <datafield tag="610" ind1="2" ind2="7">
    <subfield code="a">UN Peacekeeping Force in Cyprus</subfield>
    <subfield code="g">Financing</subfield>
    <subfield code="2">unbisn</subfield>
    <subfield code="0">(DHLAUTH)480194</subfield>
  </datafield>
  <datafield tag="610" ind1="2" ind2="7">
    <subfield code="a">UN Peacekeeping Force in Cyprus</subfield>
    <subfield code="g">Buildings management</subfield>
    <subfield code="2">unbisn</subfield>
    <subfield code="0">(DHLAUTH)684351</subfield>
  </datafield>
  <datafield tag="610" ind1="2" ind2="7">
    <subfield code="a">UN Logistics Base</subfield>
    <subfield code="2">unbisn</subfield>
    <subfield code="0">(DHLAUTH)459302</subfield>
  </datafield>
  <datafield tag="610" ind1="2" ind2="7">
    <subfield code="a">UN. Advisory Committee on Administrative and Budgetary Questions</subfield>
    <subfield code="g">Recommendations</subfield>
    <subfield code="2">unbisn</subfield>
    <subfield code="0">(DHLAUTH)362454</subfield>
  </datafield>
  <datafield tag="630" ind1="0" ind2="7">
    <subfield code="a">Tax Equalization Fund</subfield>
    <subfield code="2">unbisn</subfield>
    <subfield code="0">(DHLAUTH)91163</subfield>
  </datafield>
  <datafield tag="650" ind1="1" ind2="7">
    <subfield code="a">PEACEKEEPING OPERATIONS</subfield>
    <subfield code="2">unbist</subfield>
    <subfield code="0">(DHLAUTH)474428</subfield>
  </datafield>
  <datafield tag="650" ind1="1" ind2="7">
    <subfield code="a">SPECIAL ACCOUNTS</subfield>
    <subfield code="2">unbist</subfield>
    <subfield code="0">(DHLAUTH)275739</subfield>
  </datafield>
  <datafield tag="650" ind1="1" ind2="7">
    <subfield code="a">RESOURCES ALLOCATION</subfield>
    <subfield code="2">unbist</subfield>
    <subfield code="0">(DHLAUTH)269658</subfield>
  </datafield>
  <datafield tag="650" ind1="1" ind2="7">
    <subfield code="a">FINANCIAL RESOURCES</subfield>
    <subfield code="2">unbist</subfield>
    <subfield code="0">(DHLAUTH)269810</subfield>
  </datafield>
  <datafield tag="650" ind1="1" ind2="7">
    <subfield code="a">APPROPRIATIONS</subfield>
    <subfield code="2">unbist</subfield>
    <subfield code="0">(DHLAUTH)275747</subfield>
  </datafield>
  <datafield tag="650" ind1="2" ind2="7">
    <subfield code="a">MILITARY PERSONNEL</subfield>
    <subfield code="2">unbist</subfield>
    <subfield code="0">(DHLAUTH)268838</subfield>
  </datafield>
  <datafield tag="650" ind1="2" ind2="7">
    <subfield code="a">STAFF ASSESSMENT</subfield>
    <subfield code="2">unbist</subfield>
    <subfield code="0">(DHLAUTH)270115</subfield>
  </datafield>
  <datafield tag="650" ind1="2" ind2="7">
    <subfield code="a">BUDGET PERFORMANCE</subfield>
    <subfield code="2">unbist</subfield>
    <subfield code="0">(DHLAUTH)275751</subfield>
  </datafield>
  <datafield tag="650" ind1="2" ind2="7">
    <subfield code="a">STAFF SECURITY</subfield>
    <subfield code="2">unbist</subfield>
    <subfield code="0">(DHLAUTH)268648</subfield>
  </datafield>
  <datafield tag="651" ind1="1" ind2="7">
    <subfield code="a">CYPRUS</subfield>
    <subfield code="2">unbist</subfield>
    <subfield code="0">(DHLAUTH)269042</subfield>
  </datafield>
  <datafield tag="710" ind1="2" ind2=" ">
    <subfield code="a">UN. General Assembly (65th sess. : 2010-2011)</subfield>
    <subfield code="0">(DHLAUTH)697918</subfield>
  </datafield>
  <datafield tag="793" ind1=" " ind2=" ">
    <subfield code="a">PL</subfield>
  </datafield>
  <datafield tag="856" ind1="4" ind2=" ">
    <subfield code="y">العربية</subfield>
    <subfield code="s">196458</subfield>
    <subfield code="u">http://digitallibrary.un.org/record/710442/files/A_RES_65_295-AR.pdf</subfield>
  </datafield>
  <datafield tag="856" ind1="4" ind2=" ">
    <subfield code="y">Other</subfield>
    <subfield code="s">41439</subfield>
    <subfield code="u">http://digitallibrary.un.org/record/710442/files/A_RES_65_295-DE.pdf</subfield>
  </datafield>
  <datafield tag="856" ind1="4" ind2=" ">
    <subfield code="y">English</subfield>
    <subfield code="s">58464</subfield>
    <subfield code="u">http://digitallibrary.un.org/record/710442/files/A_RES_65_295-EN.pdf</subfield>
  </datafield>
  <datafield tag="856" ind1="4" ind2=" ">
    <subfield code="y">Español</subfield>
    <subfield code="s">152760</subfield>
    <subfield code="u">http://digitallibrary.un.org/record/710442/files/A_RES_65_295-ES.pdf</subfield>
  </datafield>
  <datafield tag="856" ind1="4" ind2=" ">
    <subfield code="y">Français</subfield>
    <subfield code="s">61563</subfield>
    <subfield code="u">http://digitallibrary.un.org/record/710442/files/A_RES_65_295-FR.pdf</subfield>
  </datafield>
  <datafield tag="856" ind1="4" ind2=" ">
    <subfield code="y">Русский</subfield>
    <subfield code="s">218479</subfield>
    <subfield code="u">http://digitallibrary.un.org/record/710442/files/A_RES_65_295-RU.pdf</subfield>
  </datafield>
  <datafield tag="856" ind1="4" ind2=" ">
    <subfield code="y">中文</subfield>
    <subfield code="s">257049</subfield>
    <subfield code="u">http://digitallibrary.un.org/record/710442/files/A_RES_65_295-ZH.pdf</subfield>
  </datafield>
  <datafield tag="930" ind1=" " ind2=" ">
    <subfield code="a">UNDSE11</subfield>
  </datafield>
  <datafield tag="949" ind1=" " ind2=" ">
    <subfield code="9">A/RES/65/295</subfield>
    <subfield code="b">1801059.1.1</subfield>
    <subfield code="i">1801059</subfield>
    <subfield code="k">unas</subfield>
    <subfield code="c">c. 1</subfield>
    <subfield code="l">DHL</subfield>
    <subfield code="z">t</subfield>
    <subfield code="m">14day</subfield>
    <subfield code="d">20110912200000</subfield>
  </datafield>
  <datafield tag="949" ind1=" " ind2=" ">
    <subfield code="9">A/RES/65/295</subfield>
    <subfield code="b">1801063.5.1</subfield>
    <subfield code="i">1801063</subfield>
    <subfield code="k">unss</subfield>
    <subfield code="c">c. 1</subfield>
    <subfield code="l">DHL</subfield>
    <subfield code="z">t</subfield>
    <subfield code="m">14day</subfield>
    <subfield code="d">20110912200000</subfield>
  </datafield>
  <datafield tag="949" ind1=" " ind2=" ">
    <subfield code="9">A/RES/65/295</subfield>
    <subfield code="b">10000000954901</subfield>
    <subfield code="i">1801058</subfield>
    <subfield code="k">unes</subfield>
    <subfield code="c">c. 1</subfield>
    <subfield code="l">DHL</subfield>
    <subfield code="z">t</subfield>
    <subfield code="m">14day</subfield>
    <subfield code="d">20110912200000</subfield>
  </datafield>
  <datafield tag="949" ind1=" " ind2=" ">
    <subfield code="9">A/RES/65/295</subfield>
    <subfield code="b">1801062.4.1</subfield>
    <subfield code="i">1801062</subfield>
    <subfield code="k">unrs</subfield>
    <subfield code="c">c. 1</subfield>
    <subfield code="l">DHL</subfield>
    <subfield code="z">t</subfield>
    <subfield code="m">14day</subfield>
    <subfield code="d">20110912200000</subfield>
  </datafield>
  <datafield tag="949" ind1=" " ind2=" ">
    <subfield code="9">A/RES/65/295</subfield>
    <subfield code="b">1801060.2.1</subfield>
    <subfield code="i">1801060</subfield>
    <subfield code="k">uncs</subfield>
    <subfield code="c">c. 1</subfield>
    <subfield code="l">DHL</subfield>
    <subfield code="z">t</subfield>
    <subfield code="m">14day</subfield>
    <subfield code="d">20110912200000</subfield>
  </datafield>
  <datafield tag="980" ind1=" " ind2=" ">
    <subfield code="a">BIB</subfield>
  </datafield>
  <datafield tag="981" ind1=" " ind2=" ">
    <subfield code="a">General Assembly</subfield>
    <subfield code="b">General Assembly Plenary</subfield>
  </datafield>
  <datafield tag="989" ind1=" " ind2=" ">
    <subfield code="a">Documents and Publications</subfield>
    <subfield code="b">Resolutions and Decisions</subfield>
  </datafield>
  <datafield tag="991" ind1="1" ind2=" ">
    <subfield code="a">A/65/251</subfield>
    <subfield code="b">146</subfield>
    <subfield code="c">Financing of the United Nations Peacekeeping Force in Cyprus.</subfield>
    <subfield code="d">UN PEACEKEEPING FORCE IN CYPRUS--FINANCING</subfield>
    <subfield code="z">I</subfield>
    <subfield code="0">(DHLAUTH)779254</subfield>
  </datafield>
  <datafield tag="992" ind1=" " ind2=" ">
    <subfield code="a">2011-06-30</subfield>
  </datafield>
  <datafield tag="993" ind1="2" ind2=" ">
    <subfield code="a">A/C.5/65/L.39</subfield>
  </datafield>
  <datafield tag="993" ind1="3" ind2=" ">
    <subfield code="a">A/65/882</subfield>
  </datafield>
  <datafield tag="993" ind1="4" ind2=" ">
    <subfield code="a">A/65/PV.106</subfield>
  </datafield>
  <datafield tag="996" ind1=" " ind2=" ">
    <subfield code="a">Adopted without vote, 106th plenary meeting</subfield>
  </datafield>
  <datafield tag="998" ind1=" " ind2=" ">
    <subfield code="a">20110913054100</subfield>
    <subfield code="b">pnser</subfield>
    <subfield code="c">20160728064800</subfield>
    <subfield code="d">shkcat</subfield>
    <subfield code="z">20181206180105</subfield>
  </datafield>
  <datafield tag="999" ind1=" " ind2=" ">
    <subfield code="a">kaku20110916</subfield>
    <subfield code="b">20110916</subfield>
    <subfield code="c">u</subfield>
  </datafield>
  <datafield tag="999" ind1=" " ind2=" ">
    <subfield code="a">jmc20110915</subfield>
    <subfield code="b">20110915</subfield>
    <subfield code="c">c</subfield>
  </datafield>
  <datafield tag="999" ind1=" " ind2=" ">
    <subfield code="a">slr20110916</subfield>
    <subfield code="b">20110916</subfield>
    <subfield code="c">r</subfield>
  </datafield>
  <datafield tag="999" ind1=" " ind2=" ">
    <subfield code="a">pnq20110913</subfield>
    <subfield code="b">20110913</subfield>
    <subfield code="c">q</subfield>
  </datafield>
  <datafield tag="999" ind1=" " ind2=" ">
    <subfield code="a">vwt20110923</subfield>
    <subfield code="b">20110923</subfield>
    <subfield code="c">t</subfield>
  </datafield>
</record>