
<record>
  <controlfield tag="000">03296cam a2200997#  4500</controlfield>
  <controlfield tag="001">165874</controlfield>
  <controlfield tag="005">20220624133544.0</controlfield>
  <controlfield tag="008">930512s1993    usa     r           eng u</controlfield>
  <datafield tag="029" ind1=" " ind2=" ">
    <subfield code="a">JN</subfield>
    <subfield code="b">N9322291 E</subfield>
  </datafield>
  <datafield tag="035" ind1=" " ind2=" ">
    <subfield code="a">D316427X</subfield>
    <subfield code="z">D0143927</subfield>
  </datafield>
  <datafield tag="035" ind1=" " ind2=" ">
    <subfield code="a">(DHL)316427</subfield>
  </datafield>
  <datafield tag="039" ind1=" " ind2=" ">
    <subfield code="a">DHU</subfield>
  </datafield>
  <datafield tag="040" ind1=" " ind2=" ">
    <subfield code="a">NNUN</subfield>
    <subfield code="b">eng</subfield>
  </datafield>
  <datafield tag="041" ind1=" " ind2=" ">
    <subfield code="a">arachiengfrerusspa</subfield>
  </datafield>
  <datafield tag="049" ind1=" " ind2=" ">
    <subfield code="a">usa</subfield>
  </datafield>
  <datafield tag="089" ind1=" " ind2=" ">
    <subfield code="a">Resolutions and decisions (UN) -- Draft</subfield>
    <subfield code="b">B02</subfield>
  </datafield>
  <datafield tag="091" ind1=" " ind2=" ">
    <subfield code="a">GEN</subfield>
  </datafield>
  <datafield tag="099" ind1=" " ind2=" ">
    <subfield code="a">UNH</subfield>
    <subfield code="b">DHU</subfield>
  </datafield>
  <datafield tag="191" ind1=" " ind2=" ">
    <subfield code="a">S/25558</subfield>
    <subfield code="b">S/</subfield>
    <subfield code="c">48</subfield>
    <subfield code="d">S/</subfield>
    <subfield code="e">25558</subfield>
    <subfield code="f">009218</subfield>
    <subfield code="q">S25558</subfield>
    <subfield code="r">S48</subfield>
    <subfield code="0">(DHLAUTH)13426</subfield>
  </datafield>
  <datafield tag="239" ind1="1" ind2="0">
    <subfield code="a">Draft resolution [on the Peace Plan for Bosnia and Herzegovina and the strengthening of the measures imposed by the earlier resolutions on the situation in the former Yugoslavia]</subfield>
  </datafield>
  <datafield tag="245" ind1="0" ind2="0">
    <subfield code="a">Draft resolution /</subfield>
    <subfield code="c">Cape Verde, Djibouti, France, Morocco, Pakistan, Spain, the United Kingdom of Great Britain and Northern Ireland, the United States of America, and Venezuela.</subfield>
  </datafield>
  <datafield tag="260" ind1=" " ind2=" ">
    <subfield code="a">[New York] :</subfield>
    <subfield code="b">UN,</subfield>
    <subfield code="c">8 Apr. 1993.</subfield>
  </datafield>
  <datafield tag="269" ind1=" " ind2=" ">
    <subfield code="a">1993-04-08</subfield>
  </datafield>
  <datafield tag="300" ind1=" " ind2=" ">
    <subfield code="a">7 p.</subfield>
  </datafield>
  <datafield tag="500" ind1=" " ind2=" ">
    <subfield code="a">Concerns the Peace Plan for Bosnia and Herzegovina and the strengthening of the measures imposed by the earlier resolutions on the situation in the former Yugoslavia.</subfield>
  </datafield>
  <datafield tag="610" ind1="2" ind2="7">
    <subfield code="a">UN Protection Force</subfield>
    <subfield code="0">(DHLAUTH)196286</subfield>
  </datafield>
  <datafield tag="610" ind1="2" ind2="7">
    <subfield code="a">UN. Security Council Committee Established pursuant to Resolution 724 (1991) concerning Yugoslavia</subfield>
    <subfield code="0">(DHLAUTH)191879</subfield>
  </datafield>
  <datafield tag="610" ind1="2" ind2="7">
    <subfield code="a">International Conference on the Former Yugoslavia</subfield>
    <subfield code="0">(DHLAUTH)208514</subfield>
  </datafield>
  <datafield tag="610" ind1="2" ind2="7">
    <subfield code="a">European Community Monitoring Mission</subfield>
    <subfield code="0">(DHLAUTH)192800</subfield>
  </datafield>
  <datafield tag="611" ind1="2" ind2="7">
    <subfield code="a">Conference on Security and Co-operation in Europe</subfield>
    <subfield code="0">(DHLAUTH)89846</subfield>
  </datafield>
  <datafield tag="630" ind1="0" ind2="7">
    <subfield code="a">Charter of the United Nations (1945)</subfield>
    <subfield code="0">(DHLAUTH)43312</subfield>
  </datafield>
  <datafield tag="650" ind1="0" ind2="7">
    <subfield code="a">CEASEFIRES</subfield>
    <subfield code="0">(DHLAUTH)268709</subfield>
  </datafield>
  <datafield tag="650" ind1="0" ind2="7">
    <subfield code="a">CONSTITUTIONS</subfield>
    <subfield code="0">(DHLAUTH)268316</subfield>
  </datafield>
  <datafield tag="650" ind1="0" ind2="7">
    <subfield code="a">POLITICAL PARTIES</subfield>
    <subfield code="0">(DHLAUTH)268289</subfield>
  </datafield>
  <datafield tag="650" ind1="0" ind2="7">
    <subfield code="a">SERBS</subfield>
    <subfield code="0">(DHLAUTH)273222</subfield>
  </datafield>
  <datafield tag="650" ind1="0" ind2="7">
    <subfield code="a">PEACEKEEPING OPERATIONS</subfield>
    <subfield code="0">(DHLAUTH)474428</subfield>
  </datafield>
  <datafield tag="650" ind1="0" ind2="7">
    <subfield code="a">HUMANITARIAN ASSISTANCE</subfield>
    <subfield code="0">(DHLAUTH)268768</subfield>
  </datafield>
  <datafield tag="650" ind1="0" ind2="7">
    <subfield code="a">DETAINED PERSONS</subfield>
    <subfield code="0">(DHLAUTH)268490</subfield>
  </datafield>
  <datafield tag="650" ind1="0" ind2="7">
    <subfield code="a">WOMEN</subfield>
    <subfield code="0">(DHLAUTH)273032</subfield>
  </datafield>
  <datafield tag="650" ind1="0" ind2="7">
    <subfield code="a">PROPERTY</subfield>
    <subfield code="0">(DHLAUTH)269181</subfield>
  </datafield>
  <datafield tag="650" ind1="0" ind2="7">
    <subfield code="a">DISPLACED PERSONS</subfield>
    <subfield code="0">(DHLAUTH)273028</subfield>
  </datafield>
  <datafield tag="650" ind1="0" ind2="7">
    <subfield code="a">NEGOTIATION</subfield>
    <subfield code="0">(DHLAUTH)268593</subfield>
  </datafield>
  <datafield tag="650" ind1="0" ind2="7">
    <subfield code="a">EXPORTS</subfield>
    <subfield code="0">(DHLAUTH)271798</subfield>
  </datafield>
  <datafield tag="650" ind1="0" ind2="7">
    <subfield code="a">IMPORTS</subfield>
    <subfield code="0">(DHLAUTH)272827</subfield>
  </datafield>
  <datafield tag="650" ind1="0" ind2="7">
    <subfield code="a">RECONSTRUCTION</subfield>
    <subfield code="0">(DHLAUTH)268666</subfield>
  </datafield>
  <datafield tag="650" ind1="0" ind2="7">
    <subfield code="a">BOSNIA AND HERZEGOVINA</subfield>
    <subfield code="0">(DHLAUTH)275598</subfield>
  </datafield>
  <datafield tag="650" ind1="0" ind2="7">
    <subfield code="a">TRANSSHIPMENT</subfield>
    <subfield code="0">(DHLAUTH)272795</subfield>
  </datafield>
  <datafield tag="650" ind1="0" ind2="7">
    <subfield code="a">CROATIA</subfield>
    <subfield code="0">(DHLAUTH)273223</subfield>
  </datafield>
  <datafield tag="650" ind1="0" ind2="7">
    <subfield code="a">INLAND WATER TRANSPORT</subfield>
    <subfield code="0">(DHLAUTH)270753</subfield>
  </datafield>
  <datafield tag="650" ind1="0" ind2="7">
    <subfield code="a">DANUBE RIVER</subfield>
    <subfield code="0">(DHLAUTH)276958</subfield>
  </datafield>
  <datafield tag="650" ind1="0" ind2="7">
    <subfield code="a">SANCTIONS</subfield>
    <subfield code="0">(DHLAUTH)9840</subfield>
  </datafield>
  <datafield tag="650" ind1="0" ind2="7">
    <subfield code="a">FROZEN ASSETS</subfield>
    <subfield code="0">(DHLAUTH)270365</subfield>
  </datafield>
  <datafield tag="650" ind1="0" ind2="7">
    <subfield code="a">BOUNDARIES</subfield>
    <subfield code="0">(DHLAUTH)269447</subfield>
  </datafield>
  <datafield tag="650" ind1="0" ind2="7">
    <subfield code="a">PORTS</subfield>
    <subfield code="0">(DHLAUTH)270888</subfield>
  </datafield>
  <datafield tag="650" ind1="0" ind2="7">
    <subfield code="a">TRANSSHIPMENT</subfield>
    <subfield code="0">(DHLAUTH)272795</subfield>
  </datafield>
  <datafield tag="650" ind1="0" ind2="7">
    <subfield code="a">HUMANITARIAN ASSISTANCE</subfield>
    <subfield code="0">(DHLAUTH)268768</subfield>
  </datafield>
  <datafield tag="650" ind1="0" ind2="7">
    <subfield code="a">FOOD SUPPLY</subfield>
    <subfield code="0">(DHLAUTH)271761</subfield>
  </datafield>
  <datafield tag="650" ind1="0" ind2="7">
    <subfield code="a">TELECOMMUNICATIONS</subfield>
    <subfield code="0">(DHLAUTH)272452</subfield>
  </datafield>
  <datafield tag="650" ind1="0" ind2="7">
    <subfield code="a">POSTAL SERVICES</subfield>
    <subfield code="0">(DHLAUTH)272687</subfield>
  </datafield>
  <datafield tag="650" ind1="0" ind2="7">
    <subfield code="a">MARITIME TRAFFIC</subfield>
    <subfield code="0">(DHLAUTH)272614</subfield>
  </datafield>
  <datafield tag="650" ind1="0" ind2="7">
    <subfield code="a">YUGOSLAVIA</subfield>
    <subfield code="0">(DHLAUTH)273224</subfield>
  </datafield>
  <datafield tag="650" ind1="0" ind2="7">
    <subfield code="a">BOSNIA AND HERZEGOVINA SITUATION</subfield>
    <subfield code="0">(DHLAUTH)276491</subfield>
  </datafield>
  <datafield tag="650" ind1="0" ind2="7">
    <subfield code="a">FREEDOM OF MOVEMENT</subfield>
    <subfield code="0">(DHLAUTH)274452</subfield>
  </datafield>
  <datafield tag="650" ind1="0" ind2="7">
    <subfield code="a">STAFF SECURITY</subfield>
    <subfield code="0">(DHLAUTH)268648</subfield>
  </datafield>
  <datafield tag="650" ind1="0" ind2="7">
    <subfield code="a">ETHNIC CLEANSING</subfield>
    <subfield code="0">(DHLAUTH)269489</subfield>
  </datafield>
  <datafield tag="650" ind1="0" ind2="7">
    <subfield code="a">HUMAN RIGHTS IN ARMED CONFLICTS</subfield>
    <subfield code="0">(DHLAUTH)268831</subfield>
  </datafield>
  <datafield tag="650" ind1="0" ind2="7">
    <subfield code="a">MEDICAL SUPPLIES</subfield>
    <subfield code="0">(DHLAUTH)271886</subfield>
  </datafield>
  <datafield tag="650" ind1="0" ind2="7">
    <subfield code="a">SHIPS</subfield>
    <subfield code="0">(DHLAUTH)268988</subfield>
  </datafield>
  <datafield tag="650" ind1="0" ind2="7">
    <subfield code="a">CARGO</subfield>
    <subfield code="0">(DHLAUTH)269525</subfield>
  </datafield>
  <datafield tag="650" ind1="0" ind2="7">
    <subfield code="a">ROLLING STOCK</subfield>
    <subfield code="0">(DHLAUTH)272574</subfield>
  </datafield>
  <datafield tag="650" ind1="0" ind2="7">
    <subfield code="a">AIRCRAFT</subfield>
    <subfield code="0">(DHLAUTH)268854</subfield>
  </datafield>
  <datafield tag="650" ind1="0" ind2="7">
    <subfield code="a">NOTIFICATION (INTERNATIONAL RELATIONS)</subfield>
    <subfield code="0">(DHLAUTH)268677</subfield>
  </datafield>
  <datafield tag="650" ind1="0" ind2="7">
    <subfield code="a">CONFISCATIONS</subfield>
    <subfield code="0">(DHLAUTH)269235</subfield>
  </datafield>
  <datafield tag="650" ind1="0" ind2="7">
    <subfield code="a">UNITED NATIONS PROTECTED AREAS</subfield>
    <subfield code="0">(DHLAUTH)481321</subfield>
  </datafield>
  <datafield tag="710" ind1="2" ind2="0">
    <subfield code="a">Cape Verde</subfield>
    <subfield code="0">(DHLAUTH)72025</subfield>
  </datafield>
  <datafield tag="710" ind1="2" ind2="0">
    <subfield code="a">Djibouti</subfield>
    <subfield code="9">ms</subfield>
    <subfield code="0">(DHLAUTH)39675</subfield>
  </datafield>
  <datafield tag="710" ind1="2" ind2="0">
    <subfield code="a">France</subfield>
    <subfield code="9">ms</subfield>
    <subfield code="0">(DHLAUTH)60043</subfield>
  </datafield>
  <datafield tag="710" ind1="2" ind2="0">
    <subfield code="a">Morocco</subfield>
    <subfield code="9">ms</subfield>
    <subfield code="0">(DHLAUTH)39911</subfield>
  </datafield>
  <datafield tag="710" ind1="2" ind2="0">
    <subfield code="a">Pakistan</subfield>
    <subfield code="9">ms</subfield>
    <subfield code="0">(DHLAUTH)72679</subfield>
  </datafield>
  <datafield tag="710" ind1="2" ind2="0">
    <subfield code="a">Spain</subfield>
    <subfield code="9">ms</subfield>
    <subfield code="0">(DHLAUTH)72857</subfield>
  </datafield>
  <datafield tag="710" ind1="2" ind2="0">
    <subfield code="a">United Kingdom</subfield>
    <subfield code="9">ms</subfield>
    <subfield code="0">(DHLAUTH)28884</subfield>
  </datafield>
  <datafield tag="710" ind1="2" ind2="0">
    <subfield code="a">United States</subfield>
    <subfield code="9">ms</subfield>
    <subfield code="0">(DHLAUTH)28824</subfield>
  </datafield>
  <datafield tag="710" ind1="2" ind2="0">
    <subfield code="a">Venezuela</subfield>
    <subfield code="0">(DHLAUTH)40621</subfield>
  </datafield>
  <datafield tag="856" ind1="4" ind2=" ">
    <subfield code="y">العربية</subfield>
    <subfield code="9">4deaee1e-a2b0-4242-b3a2-f277a0e13ec3</subfield>
    <subfield code="s">221474</subfield>
    <subfield code="u">https://digitallibrary.un.org/record/165874/files/S_25558-AR.pdf</subfield>
  </datafield>
  <datafield tag="856" ind1="4" ind2=" ">
    <subfield code="y">中文</subfield>
    <subfield code="9">0a3efafa-1317-4293-aeef-cf8fab6db51b</subfield>
    <subfield code="s">348153</subfield>
    <subfield code="u">https://digitallibrary.un.org/record/165874/files/S_25558-ZH.pdf</subfield>
  </datafield>
  <datafield tag="856" ind1="4" ind2=" ">
    <subfield code="y">English</subfield>
    <subfield code="9">163b5f5e-1195-404f-9c91-3f00e128888c</subfield>
    <subfield code="s">362378</subfield>
    <subfield code="u">https://digitallibrary.un.org/record/165874/files/S_25558-EN.pdf</subfield>
  </datafield>
  <datafield tag="856" ind1="4" ind2=" ">
    <subfield code="y">Français</subfield>
    <subfield code="9">ab79d979-5001-49ab-a537-2fb0f9330d79</subfield>
    <subfield code="s">396966</subfield>
    <subfield code="u">https://digitallibrary.un.org/record/165874/files/S_25558-FR.pdf</subfield>
  </datafield>
  <datafield tag="856" ind1="4" ind2=" ">
    <subfield code="y">Русский</subfield>
    <subfield code="9">97e78653-0a8d-43cb-b5af-7b48960745ce</subfield>
    <subfield code="s">368781</subfield>
    <subfield code="u">https://digitallibrary.un.org/record/165874/files/S_25558-RU.pdf</subfield>
  </datafield>
  <datafield tag="856" ind1="4" ind2=" ">
    <subfield code="y">Español</subfield>
    <subfield code="9">557c3a6a-e570-4d2a-834a-052556683e53</subfield>
    <subfield code="s">379502</subfield>
    <subfield code="u">https://digitallibrary.un.org/record/165874/files/S_25558-ES.pdf</subfield>
  </datafield>
  <datafield tag="930" ind1=" " ind2=" ">
    <subfield code="a">UNDJUL93</subfield>
  </datafield>
  <datafield tag="930" ind1=" " ind2=" ">
    <subfield code="a">CHCJUN93</subfield>
  </datafield>
  <datafield tag="949" ind1=" " ind2=" ">
    <subfield code="9">S/25558</subfield>
    <subfield code="b">mq378176</subfield>
    <subfield code="i">378176</subfield>
    <subfield code="k">unes</subfield>
    <subfield code="l">DHL</subfield>
    <subfield code="z">i</subfield>
    <subfield code="m">vcirc</subfield>
    <subfield code="d">19961230000000</subfield>
  </datafield>
  <datafield tag="955" ind1=" " ind2=" ">
    <subfield code="a">18256700</subfield>
  </datafield>
  <datafield tag="980" ind1=" " ind2=" ">
    <subfield code="a">BIB</subfield>
  </datafield>
  <datafield tag="981" ind1=" " ind2=" ">
    <subfield code="a">Security Council</subfield>
  </datafield>
  <datafield tag="989" ind1=" " ind2=" ">
    <subfield code="a">Documents and Publications</subfield>
    <subfield code="b">Draft Resolutions and Decisions</subfield>
  </datafield>
  <datafield tag="991" ind1="3" ind2=" ">
    <subfield code="a">S/48</subfield>
    <subfield code="b">[98]</subfield>
    <subfield code="d">FORMER YUGOSLAVIA SITUATION</subfield>
    <subfield code="f">X10</subfield>
    <subfield code="0">(DHLAUTH)420109</subfield>
  </datafield>
  <datafield tag="991" ind1="3" ind2=" ">
    <subfield code="a">S/48</subfield>
    <subfield code="b">[105]</subfield>
    <subfield code="d">BOSNIA AND HERZEGOVINA SITUATION</subfield>
    <subfield code="f">X10</subfield>
    <subfield code="0">(DHLAUTH)420107</subfield>
  </datafield>
  <datafield tag="993" ind1="1" ind2=" ">
    <subfield code="a">S/RES/820(1993)</subfield>
  </datafield>
  <datafield tag="998" ind1=" " ind2=" ">
    <subfield code="a">19961227000000</subfield>
    <subfield code="c">20220624111700</subfield>
    <subfield code="d">sh35cat</subfield>
    <subfield code="x">0x00010000c6b3a7c9</subfield>
    <subfield code="z">20220624152232</subfield>
  </datafield>
  <datafield tag="999" ind1=" " ind2=" ">
    <subfield code="a">chu20060614</subfield>
    <subfield code="b">20060614</subfield>
    <subfield code="c">u</subfield>
  </datafield>
</record>