
<record>
  <controlfield tag="000">01738cam a2200409#a 4500</controlfield>
  <controlfield tag="001">415324</controlfield>
  <controlfield tag="005">20221203122443.0</controlfield>
  <controlfield tag="008">000605c2000    usa     r     00010 eng d</controlfield>
  <datafield tag="029" ind1=" " ind2=" ">
    <subfield code="a">JN</subfield>
    <subfield code="b">N0045588 E</subfield>
  </datafield>
  <datafield tag="035" ind1=" " ind2=" ">
    <subfield code="a">D617369X</subfield>
    <subfield code="z">D0251315</subfield>
  </datafield>
  <datafield tag="035" ind1=" " ind2=" ">
    <subfield code="a">(DHL)617369</subfield>
  </datafield>
  <datafield tag="039" ind1=" " ind2=" ">
    <subfield code="a">DHU</subfield>
  </datafield>
  <datafield tag="040" ind1=" " ind2=" ">
    <subfield code="a">NNUN</subfield>
    <subfield code="b">eng</subfield>
  </datafield>
  <datafield tag="041" ind1="0" ind2=" ">
    <subfield code="a">arachiengfrerusspa</subfield>
  </datafield>
  <datafield tag="049" ind1=" " ind2=" ">
    <subfield code="a">USA</subfield>
  </datafield>
  <datafield tag="089" ind1=" " ind2=" ">
    <subfield code="b">B02</subfield>
  </datafield>
  <datafield tag="091" ind1=" " ind2=" ">
    <subfield code="a">LTD</subfield>
  </datafield>
  <datafield tag="099" ind1=" " ind2=" ">
    <subfield code="a">UNH</subfield>
    <subfield code="b">DHU</subfield>
  </datafield>
  <datafield tag="191" ind1=" " ind2=" ">
    <subfield code="a">A/C.5/54/L.79</subfield>
    <subfield code="b">A/</subfield>
    <subfield code="c">54</subfield>
    <subfield code="9">G10</subfield>
    <subfield code="f">1.0475</subfield>
    <subfield code="q">AC554L79</subfield>
    <subfield code="r">A54</subfield>
    <subfield code="0">(DHLAUTH)527213</subfield>
  </datafield>
  <datafield tag="245" ind1="1" ind2="0">
    <subfield code="a">Financing of the United Nations Organization Mission in the Democratic Republic of the Congo :</subfield>
    <subfield code="b">draft resolution /</subfield>
    <subfield code="c">submitted by the Chairman following informal consultations</subfield>
  </datafield>
  <datafield tag="249" ind1=" " ind2=" ">
    <subfield code="a">Draft resolution on the financing of the UN Organization Mission in the Democratic Republic of the Congo (submitted following informal consultations) / Chairman, 5th Committee</subfield>
  </datafield>
  <datafield tag="260" ind1=" " ind2=" ">
    <subfield code="a">[New York] :</subfield>
    <subfield code="b">UN,</subfield>
    <subfield code="c">1 June 2000</subfield>
  </datafield>
  <datafield tag="269" ind1=" " ind2=" ">
    <subfield code="a">2000-06-01</subfield>
  </datafield>
  <datafield tag="300" ind1=" " ind2=" ">
    <subfield code="a">2 p.</subfield>
  </datafield>
  <datafield tag="610" ind1="2" ind2="7">
    <subfield code="a">UN Organization Mission in the Democratic Republic of the Congo</subfield>
    <subfield code="g">Financing</subfield>
    <subfield code="2">unbisn</subfield>
    <subfield code="0">(DHLAUTH)582965</subfield>
  </datafield>
  <datafield tag="610" ind1="2" ind2="7">
    <subfield code="a">UN Organization Mission in the Democratic Republic of the Congo</subfield>
    <subfield code="g">Budget (2000-2001)</subfield>
    <subfield code="2">unbisn</subfield>
    <subfield code="0">(DHLAUTH)586411</subfield>
  </datafield>
  <datafield tag="650" ind1="1" ind2="7">
    <subfield code="a">PEACEKEEPING OPERATIONS</subfield>
    <subfield code="2">unbist</subfield>
    <subfield code="0">(DHLAUTH)474428</subfield>
  </datafield>
  <datafield tag="650" ind1="1" ind2="7">
    <subfield code="a">DEMOCRATIC REPUBLIC OF THE CONGO</subfield>
    <subfield code="2">unbist</subfield>
    <subfield code="0">(DHLAUTH)450182</subfield>
  </datafield>
  <datafield tag="650" ind1="1" ind2="7">
    <subfield code="a">MILITARY PERSONNEL</subfield>
    <subfield code="2">unbist</subfield>
    <subfield code="0">(DHLAUTH)268838</subfield>
  </datafield>
  <datafield tag="710" ind1="2" ind2=" ">
    <subfield code="a">UN. General Assembly (54th sess. : 1999-2000). 5th Committee. Chair</subfield>
    <subfield code="0">(DHLAUTH)551023</subfield>
  </datafield>
  <datafield tag="793" ind1=" " ind2=" ">
    <subfield code="a">05</subfield>
  </datafield>
  <datafield tag="856" ind1="4" ind2=" ">
    <subfield code="y">العربية</subfield>
    <subfield code="9">85adef5b-99c3-4044-959a-f3f808708b41</subfield>
    <subfield code="s">74758</subfield>
    <subfield code="u">https://digitallibrary.un.org/record/415324/files/A_C.5_54_L.79-AR.pdf</subfield>
  </datafield>
  <datafield tag="856" ind1="4" ind2=" ">
    <subfield code="y">English</subfield>
    <subfield code="9">1422c97c-af0a-446c-90ea-4379c448a502</subfield>
    <subfield code="s">23828</subfield>
    <subfield code="u">https://digitallibrary.un.org/record/415324/files/A_C.5_54_L.79-EN.pdf</subfield>
  </datafield>
  <datafield tag="856" ind1="4" ind2=" ">
    <subfield code="y">Español</subfield>
    <subfield code="9">92658166-68ed-42ee-a5bb-27456dd37797</subfield>
    <subfield code="s">25151</subfield>
    <subfield code="u">https://digitallibrary.un.org/record/415324/files/A_C.5_54_L.79-ES.pdf</subfield>
  </datafield>
  <datafield tag="856" ind1="4" ind2=" ">
    <subfield code="y">Français</subfield>
    <subfield code="9">6f586334-b3e4-4230-8cdf-9cf38150b958</subfield>
    <subfield code="s">25066</subfield>
    <subfield code="u">https://digitallibrary.un.org/record/415324/files/A_C.5_54_L.79-FR.pdf</subfield>
  </datafield>
  <datafield tag="856" ind1="4" ind2=" ">
    <subfield code="y">Русский</subfield>
    <subfield code="9">d53e5aeb-6bd6-497e-b710-dcb4b95a0786</subfield>
    <subfield code="s">129219</subfield>
    <subfield code="u">https://digitallibrary.un.org/record/415324/files/A_C.5_54_L.79-RU.pdf</subfield>
  </datafield>
  <datafield tag="856" ind1="4" ind2=" ">
    <subfield code="y">中文</subfield>
    <subfield code="9">5a0830f9-483f-43c5-8ff0-803655c891b5</subfield>
    <subfield code="s">127438</subfield>
    <subfield code="u">https://digitallibrary.un.org/record/415324/files/A_C.5_54_L.79-ZH.pdf</subfield>
  </datafield>
  <datafield tag="930" ind1=" " ind2=" ">
    <subfield code="a">UNDJU00</subfield>
  </datafield>
  <datafield tag="930" ind1=" " ind2=" ">
    <subfield code="a">UDIQ100</subfield>
    <subfield code="b">1.0475</subfield>
  </datafield>
  <datafield tag="930" ind1=" " ind2=" ">
    <subfield code="a">UPDQ100</subfield>
  </datafield>
  <datafield tag="980" ind1=" " ind2=" ">
    <subfield code="a">BIB</subfield>
  </datafield>
  <datafield tag="981" ind1=" " ind2=" ">
    <subfield code="a">General Assembly</subfield>
    <subfield code="b">5th Committee</subfield>
  </datafield>
  <datafield tag="989" ind1=" " ind2=" ">
    <subfield code="a">Documents and Publications</subfield>
    <subfield code="b">Draft Resolutions and Decisions</subfield>
  </datafield>
  <datafield tag="991" ind1="1" ind2=" ">
    <subfield code="a">A/54/251</subfield>
    <subfield code="b">175</subfield>
    <subfield code="c">Financing of the United Nations Organization Mission in the Democratic Republic of the Congo.</subfield>
    <subfield code="d">UN ORGANIZATION MISSION IN THE DEMOCRATIC REPUBLIC OF THE CONGO--FINANCING</subfield>
    <subfield code="z">I0142672</subfield>
    <subfield code="0">(DHLAUTH)581369</subfield>
  </datafield>
  <datafield tag="993" ind1="1" ind2=" ">
    <subfield code="a">A/RES/54/260 B</subfield>
  </datafield>
  <datafield tag="993" ind1="3" ind2=" ">
    <subfield code="a">A/54/830/Add.1</subfield>
  </datafield>
  <datafield tag="998" ind1=" " ind2=" ">
    <subfield code="a">20000605000000</subfield>
    <subfield code="b">lccs</subfield>
    <subfield code="c">20210105141100</subfield>
    <subfield code="d">mocat</subfield>
    <subfield code="x">0x00010000c2451fbe</subfield>
    <subfield code="z">20210105191405</subfield>
  </datafield>
  <datafield tag="999" ind1=" " ind2=" ">
    <subfield code="a">pg</subfield>
    <subfield code="b">20000809</subfield>
    <subfield code="c">u</subfield>
  </datafield>
  <datafield tag="999" ind1=" " ind2=" ">
    <subfield code="a">pg</subfield>
    <subfield code="b">20000607</subfield>
    <subfield code="c">r</subfield>
  </datafield>
  <datafield tag="999" ind1=" " ind2=" ">
    <subfield code="a">ss</subfield>
    <subfield code="b">20000605</subfield>
    <subfield code="c">c</subfield>
  </datafield>
  <datafield tag="999" ind1=" " ind2=" ">
    <subfield code="a">lc</subfield>
    <subfield code="b">20000605</subfield>
    <subfield code="c">q</subfield>
  </datafield>
  <datafield tag="999" ind1=" " ind2=" ">
    <subfield code="a">TA</subfield>
    <subfield code="b">20000607</subfield>
    <subfield code="c">r</subfield>
  </datafield>
</record>