
<record>
  <controlfield tag="001">720344</controlfield>
  <controlfield tag="005">20200529192300.0</controlfield>
  <datafield tag="029" ind1=" " ind2=" ">
    <subfield code="a">JN</subfield>
    <subfield code="b">N1139943 E</subfield>
  </datafield>
  <datafield tag="035" ind1=" " ind2=" ">
    <subfield code="a">D966137X</subfield>
    <subfield code="z">D0386521</subfield>
  </datafield>
  <datafield tag="035" ind1=" " ind2=" ">
    <subfield code="a">(DHL)966137</subfield>
  </datafield>
  <datafield tag="039" ind1=" " ind2=" ">
    <subfield code="a">DHU</subfield>
  </datafield>
  <datafield tag="040" ind1=" " ind2=" ">
    <subfield code="a">NNUN</subfield>
    <subfield code="b">eng</subfield>
  </datafield>
  <datafield tag="041" ind1="0" ind2=" ">
    <subfield code="a">arachiengfrerusspa</subfield>
  </datafield>
  <datafield tag="049" ind1=" " ind2=" ">
    <subfield code="a">usa</subfield>
  </datafield>
  <datafield tag="089" ind1=" " ind2=" ">
    <subfield code="b">B02</subfield>
  </datafield>
  <datafield tag="091" ind1=" " ind2=" ">
    <subfield code="a">LTD</subfield>
  </datafield>
  <datafield tag="099" ind1=" " ind2=" ">
    <subfield code="a">UNH</subfield>
    <subfield code="b">DHU</subfield>
  </datafield>
  <datafield tag="191" ind1=" " ind2=" ">
    <subfield code="a">A/C.5/65/L.39</subfield>
    <subfield code="b">A/</subfield>
    <subfield code="c">65</subfield>
    <subfield code="9">G10</subfield>
    <subfield code="q">AC565L39</subfield>
    <subfield code="r">A65</subfield>
    <subfield code="0">(DHLAUTH)778069</subfield>
  </datafield>
  <datafield tag="245" ind1="1" ind2="0">
    <subfield code="a">Financing of the United Nations Peacekeeping Force in Cyprus :</subfield>
    <subfield code="b">draft resolution /</subfield>
    <subfield code="c">submitted by the Chair of the Committee following informal consultations</subfield>
  </datafield>
  <datafield tag="260" ind1=" " ind2=" ">
    <subfield code="a">[New York] :</subfield>
    <subfield code="b">UN,</subfield>
    <subfield code="c">10 June 2011</subfield>
  </datafield>
  <datafield tag="269" ind1=" " ind2=" ">
    <subfield code="a">2011-06-10</subfield>
  </datafield>
  <datafield tag="300" ind1=" " ind2=" ">
    <subfield code="a">4 p.</subfield>
  </datafield>
  <datafield tag="610" ind1="2" ind2="7">
    <subfield code="a">UN Peacekeeping Force in Cyprus</subfield>
    <subfield code="g">Budget (2011-2012)</subfield>
    <subfield code="2">unbisn</subfield>
    <subfield code="0">(DHLAUTH)795635</subfield>
  </datafield>
  <datafield tag="610" ind1="2" ind2="7">
    <subfield code="a">UN Peacekeeping Force in Cyprus</subfield>
    <subfield code="g">Budget contributions (2010-2011)</subfield>
    <subfield code="2">unbisn</subfield>
    <subfield code="0">(DHLAUTH)804144</subfield>
  </datafield>
  <datafield tag="610" ind1="2" ind2="7">
    <subfield code="a">UN Peacekeeping Force in Cyprus</subfield>
    <subfield code="g">Financing</subfield>
    <subfield code="2">unbisn</subfield>
    <subfield code="0">(DHLAUTH)480194</subfield>
  </datafield>
  <datafield tag="610" ind1="2" ind2="7">
    <subfield code="a">UN Peacekeeping Force in Cyprus</subfield>
    <subfield code="g">Buildings management</subfield>
    <subfield code="2">unbisn</subfield>
    <subfield code="0">(DHLAUTH)684351</subfield>
  </datafield>
  <datafield tag="610" ind1="2" ind2="7">
    <subfield code="a">UN Logistics Base</subfield>
    <subfield code="2">unbisn</subfield>
    <subfield code="0">(DHLAUTH)459302</subfield>
  </datafield>
  <datafield tag="610" ind1="2" ind2="7">
    <subfield code="a">UN. Advisory Committee on Administrative and Budgetary Questions</subfield>
    <subfield code="g">Recommendations</subfield>
    <subfield code="2">unbisn</subfield>
    <subfield code="0">(DHLAUTH)362454</subfield>
  </datafield>
  <datafield tag="630" ind1="0" ind2="7">
    <subfield code="a">Tax Equalization Fund</subfield>
    <subfield code="2">unbisn</subfield>
    <subfield code="0">(DHLAUTH)91163</subfield>
  </datafield>
  <datafield tag="650" ind1="1" ind2="7">
    <subfield code="a">PEACEKEEPING OPERATIONS</subfield>
    <subfield code="2">unbist</subfield>
    <subfield code="0">(DHLAUTH)474428</subfield>
  </datafield>
  <datafield tag="650" ind1="1" ind2="7">
    <subfield code="a">CYPRUS</subfield>
    <subfield code="2">unbist</subfield>
    <subfield code="0">(DHLAUTH)269042</subfield>
  </datafield>
  <datafield tag="650" ind1="1" ind2="7">
    <subfield code="a">SPECIAL ACCOUNTS</subfield>
    <subfield code="2">unbist</subfield>
    <subfield code="0">(DHLAUTH)275739</subfield>
  </datafield>
  <datafield tag="650" ind1="1" ind2="7">
    <subfield code="a">RESOURCES ALLOCATION</subfield>
    <subfield code="2">unbist</subfield>
    <subfield code="0">(DHLAUTH)269658</subfield>
  </datafield>
  <datafield tag="650" ind1="1" ind2="7">
    <subfield code="a">FINANCIAL RESOURCES</subfield>
    <subfield code="2">unbist</subfield>
    <subfield code="0">(DHLAUTH)269810</subfield>
  </datafield>
  <datafield tag="650" ind1="1" ind2="7">
    <subfield code="a">APPROPRIATIONS</subfield>
    <subfield code="2">unbist</subfield>
    <subfield code="0">(DHLAUTH)275747</subfield>
  </datafield>
  <datafield tag="650" ind1="2" ind2="7">
    <subfield code="a">MILITARY PERSONNEL</subfield>
    <subfield code="2">unbist</subfield>
    <subfield code="0">(DHLAUTH)268838</subfield>
  </datafield>
  <datafield tag="650" ind1="2" ind2="7">
    <subfield code="a">STAFF ASSESSMENT</subfield>
    <subfield code="2">unbist</subfield>
    <subfield code="0">(DHLAUTH)270115</subfield>
  </datafield>
  <datafield tag="650" ind1="2" ind2="7">
    <subfield code="a">BUDGET PERFORMANCE</subfield>
    <subfield code="2">unbist</subfield>
    <subfield code="0">(DHLAUTH)275751</subfield>
  </datafield>
  <datafield tag="650" ind1="2" ind2="7">
    <subfield code="a">STAFF SECURITY</subfield>
    <subfield code="2">unbist</subfield>
    <subfield code="0">(DHLAUTH)268648</subfield>
  </datafield>
  <datafield tag="710" ind1="2" ind2=" ">
    <subfield code="a">UN. General Assembly (65th sess. : 2010-2011). 5th Committee. Chair</subfield>
    <subfield code="0">(DHLAUTH)788967</subfield>
  </datafield>
  <datafield tag="793" ind1=" " ind2=" ">
    <subfield code="a">05</subfield>
  </datafield>
  <datafield tag="856" ind1="4" ind2=" ">
    <subfield code="y">العربية</subfield>
    <subfield code="9">3239030a-2705-4417-a377-a0aa6cc84f65</subfield>
    <subfield code="s">116815</subfield>
    <subfield code="u">http://digitallibrary.un.org/record/720344/files/A_C.5_65_L.39-AR.pdf</subfield>
  </datafield>
  <datafield tag="856" ind1="4" ind2=" ">
    <subfield code="y">English</subfield>
    <subfield code="9">197a9aa6-e1ce-4293-bdf9-0445b2ad938a</subfield>
    <subfield code="s">41108</subfield>
    <subfield code="u">http://digitallibrary.un.org/record/720344/files/A_C.5_65_L.39-EN.pdf</subfield>
  </datafield>
  <datafield tag="856" ind1="4" ind2=" ">
    <subfield code="y">Español</subfield>
    <subfield code="9">cd3465bb-2fda-4b9b-885e-55393902ce1a</subfield>
    <subfield code="s">132845</subfield>
    <subfield code="u">http://digitallibrary.un.org/record/720344/files/A_C.5_65_L.39-ES.pdf</subfield>
  </datafield>
  <datafield tag="856" ind1="4" ind2=" ">
    <subfield code="y">Français</subfield>
    <subfield code="9">10a79dcb-ba53-4419-b4c9-64e6532361c0</subfield>
    <subfield code="s">43972</subfield>
    <subfield code="u">http://digitallibrary.un.org/record/720344/files/A_C.5_65_L.39-FR.pdf</subfield>
  </datafield>
  <datafield tag="856" ind1="4" ind2=" ">
    <subfield code="y">Русский</subfield>
    <subfield code="9">261bbe45-7554-4469-960d-0395cc98360b</subfield>
    <subfield code="s">176807</subfield>
    <subfield code="u">http://digitallibrary.un.org/record/720344/files/A_C.5_65_L.39-RU.pdf</subfield>
  </datafield>
  <datafield tag="856" ind1="4" ind2=" ">
    <subfield code="y">中文</subfield>
    <subfield code="9">21b79c5b-7ac7-43f9-b6f3-5a8e05f18429</subfield>
    <subfield code="s">141098</subfield>
    <subfield code="u">http://digitallibrary.un.org/record/720344/files/A_C.5_65_L.39-ZH.pdf</subfield>
  </datafield>
  <datafield tag="930" ind1=" " ind2=" ">
    <subfield code="a">UNDFE12</subfield>
  </datafield>
  <datafield tag="980" ind1=" " ind2=" ">
    <subfield code="a">BIB</subfield>
  </datafield>
  <datafield tag="981" ind1=" " ind2=" ">
    <subfield code="a">General Assembly</subfield>
    <subfield code="b">5th Committee</subfield>
  </datafield>
  <datafield tag="989" ind1=" " ind2=" ">
    <subfield code="a">Documents and Publications</subfield>
    <subfield code="b">Draft Resolutions and Decisions</subfield>
  </datafield>
  <datafield tag="991" ind1="1" ind2=" ">
    <subfield code="a">A/65/251</subfield>
    <subfield code="b">146</subfield>
    <subfield code="c">Financing of the United Nations Peacekeeping Force in Cyprus.</subfield>
    <subfield code="d">UN PEACEKEEPING FORCE IN CYPRUS--FINANCING</subfield>
    <subfield code="z">I</subfield>
    <subfield code="0">(DHLAUTH)779254</subfield>
  </datafield>
  <datafield tag="993" ind1="1" ind2=" ">
    <subfield code="a">A/RES/65/295</subfield>
  </datafield>
  <datafield tag="993" ind1="3" ind2=" ">
    <subfield code="a">A/65/882</subfield>
  </datafield>
  <datafield tag="998" ind1=" " ind2=" ">
    <subfield code="a">20120201155800</subfield>
    <subfield code="b">mlcat</subfield>
    <subfield code="c">20200312165400</subfield>
    <subfield code="d">vwcat2</subfield>
    <subfield code="x">0x00010000c01cc316</subfield>
    <subfield code="z">20200312210024</subfield>
  </datafield>
  <datafield tag="999" ind1=" " ind2=" ">
    <subfield code="a">slr20120203</subfield>
    <subfield code="b">20120203</subfield>
    <subfield code="c">r</subfield>
  </datafield>
  <datafield tag="999" ind1=" " ind2=" ">
    <subfield code="a">kakc20120202</subfield>
    <subfield code="b">20120202</subfield>
    <subfield code="c">c</subfield>
  </datafield>
  <datafield tag="999" ind1=" " ind2=" ">
    <subfield code="a">mleq20120201</subfield>
    <subfield code="b">20120201</subfield>
    <subfield code="c">q</subfield>
  </datafield>
  <datafield tag="999" ind1=" " ind2=" ">
    <subfield code="a">vwt20120202</subfield>
    <subfield code="b">20120202</subfield>
    <subfield code="c">t</subfield>
  </datafield>
</record>