
<record>
  <controlfield tag="000">00433nam\\2200205#a\4500</controlfield>
  <controlfield tag="001">542059</controlfield>
  <controlfield tag="005">20191031121116.0</controlfield>
  <controlfield tag="008">050228s2004\\\\usa\\\\#r\\\\\00010\eng\d</controlfield>
  <datafield tag="029" ind1=" " ind2=" ">
    <subfield code="a">JN</subfield>
    <subfield code="b">N0465559 E</subfield>
  </datafield>
  <datafield tag="035" ind1=" " ind2=" ">
    <subfield code="a">D767449X</subfield>
    <subfield code="z">D0316726</subfield>
  </datafield>
  <datafield tag="035" ind1=" " ind2=" ">
    <subfield code="a">(DHL)767449</subfield>
  </datafield>
  <datafield tag="039" ind1=" " ind2=" ">
    <subfield code="a">DHU</subfield>
  </datafield>
  <datafield tag="040" ind1=" " ind2=" ">
    <subfield code="a">NNUN</subfield>
    <subfield code="b">eng</subfield>
  </datafield>
  <datafield tag="041" ind1=" " ind2=" ">
    <subfield code="a">arachiengfrerusspa</subfield>
  </datafield>
  <datafield tag="049" ind1=" " ind2=" ">
    <subfield code="a">usa</subfield>
  </datafield>
  <datafield tag="089" ind1=" " ind2=" ">
    <subfield code="b">B15</subfield>
  </datafield>
  <datafield tag="089" ind1=" " ind2=" ">
    <subfield code="b">B16</subfield>
  </datafield>
  <datafield tag="091" ind1=" " ind2=" ">
    <subfield code="a">GEN</subfield>
  </datafield>
  <datafield tag="099" ind1=" " ind2=" ">
    <subfield code="a">UNH</subfield>
    <subfield code="b">DHU</subfield>
  </datafield>
  <datafield tag="191" ind1=" " ind2=" ">
    <subfield code="0">1141291</subfield>
    <subfield code="9">G00</subfield>
    <subfield code="a">A/59/620</subfield>
    <subfield code="b">A/</subfield>
    <subfield code="c">59</subfield>
    <subfield code="f">4.0076</subfield>
    <subfield code="q">A59620</subfield>
    <subfield code="r">A59</subfield>
  </datafield>
  <datafield tag="245" ind1="1" ind2="0">
    <subfield code="a">Performance report on the budget of the United Nations Peacekeeping Force in Cyprus for the period from 1 July 2003 to 30 June 2004 :</subfield>
    <subfield code="b">report of the Secretary-General</subfield>
  </datafield>
  <datafield tag="260" ind1=" " ind2=" ">
    <subfield code="a">[New York] :</subfield>
    <subfield code="b">UN,</subfield>
    <subfield code="c">17 Dec. 2004</subfield>
  </datafield>
  <datafield tag="269" ind1=" " ind2=" ">
    <subfield code="a">2004-12-17</subfield>
  </datafield>
  <datafield tag="300" ind1=" " ind2=" ">
    <subfield code="a">15 p. :</subfield>
    <subfield code="b">tables</subfield>
  </datafield>
  <datafield tag="610" ind1="2" ind2="4">
    <subfield code="0">1129283</subfield>
    <subfield code="a">UN Peacekeeping Force in Cyprus</subfield>
    <subfield code="g">Budget (2003-2004)</subfield>
  </datafield>
  <datafield tag="610" ind1="2" ind2="4">
    <subfield code="0">1033028</subfield>
    <subfield code="a">UN Peacekeeping Force in Cyprus</subfield>
    <subfield code="g">Financing</subfield>
  </datafield>
  <datafield tag="610" ind1="2" ind2="4">
    <subfield code="0">1033765</subfield>
    <subfield code="a">UN Peacekeeping Force in Cyprus</subfield>
    <subfield code="g">Budget contributions</subfield>
  </datafield>
  <datafield tag="650" ind1="1" ind2="7">
    <subfield code="0">1277954</subfield>
    <subfield code="2">unbist</subfield>
    <subfield code="a">PEACEKEEPING OPERATIONS</subfield>
  </datafield>
  <datafield tag="650" ind1="1" ind2="7">
    <subfield code="0">1283236</subfield>
    <subfield code="2">unbist</subfield>
    <subfield code="a">BUDGET PERFORMANCE</subfield>
  </datafield>
  <datafield tag="650" ind1="1" ind2="7">
    <subfield code="0">1283959</subfield>
    <subfield code="2">unbist</subfield>
    <subfield code="a">FINANCIAL RESOURCES</subfield>
  </datafield>
  <datafield tag="650" ind1="1" ind2="7">
    <subfield code="0">1283726</subfield>
    <subfield code="2">unbist</subfield>
    <subfield code="a">COSTS</subfield>
  </datafield>
  <datafield tag="650" ind1="2" ind2="7">
    <subfield code="0">1278018</subfield>
    <subfield code="2">unbist</subfield>
    <subfield code="a">MILITARY PERSONNEL</subfield>
  </datafield>
  <datafield tag="650" ind1="2" ind2="7">
    <subfield code="0">1282645</subfield>
    <subfield code="2">unbist</subfield>
    <subfield code="a">STAFFING</subfield>
  </datafield>
  <datafield tag="650" ind1="2" ind2="7">
    <subfield code="0">1282591</subfield>
    <subfield code="2">unbist</subfield>
    <subfield code="a">SUPPORT COSTS</subfield>
  </datafield>
  <datafield tag="650" ind1="2" ind2="7">
    <subfield code="0">1279339</subfield>
    <subfield code="2">unbist</subfield>
    <subfield code="a">EQUIPMENT AND SUPPLIES</subfield>
  </datafield>
  <datafield tag="651" ind1="1" ind2="7">
    <subfield code="0">1282224</subfield>
    <subfield code="2">unbist</subfield>
    <subfield code="a">CYPRUS</subfield>
  </datafield>
  <datafield tag="710" ind1="2" ind2=" ">
    <subfield code="0">864434</subfield>
    <subfield code="a">UN. Secretary-General</subfield>
  </datafield>
  <datafield tag="856" ind1="4" ind2=" ">
    <subfield code="s">205757</subfield>
    <subfield code="u">http://digitallibrary.un.org/record/542059/files/A_59_620-AR.pdf</subfield>
    <subfield code="y">العربية</subfield>
  </datafield>
  <datafield tag="856" ind1="4" ind2=" ">
    <subfield code="s">267931</subfield>
    <subfield code="u">http://digitallibrary.un.org/record/542059/files/A_59_620-ZH.pdf</subfield>
    <subfield code="y">中文</subfield>
  </datafield>
  <datafield tag="856" ind1="4" ind2=" ">
    <subfield code="s">64493</subfield>
    <subfield code="u">http://digitallibrary.un.org/record/542059/files/A_59_620-EN.pdf</subfield>
    <subfield code="y">English</subfield>
  </datafield>
  <datafield tag="856" ind1="4" ind2=" ">
    <subfield code="s">83967</subfield>
    <subfield code="u">http://digitallibrary.un.org/record/542059/files/A_59_620-FR.pdf</subfield>
    <subfield code="y">Français</subfield>
  </datafield>
  <datafield tag="856" ind1="4" ind2=" ">
    <subfield code="s">377660</subfield>
    <subfield code="u">http://digitallibrary.un.org/record/542059/files/A_59_620-RU.pdf</subfield>
    <subfield code="y">Русский</subfield>
  </datafield>
  <datafield tag="856" ind1="4" ind2=" ">
    <subfield code="s">74373</subfield>
    <subfield code="u">http://digitallibrary.un.org/record/542059/files/A_59_620-ES.pdf</subfield>
    <subfield code="y">Español</subfield>
  </datafield>
  <datafield tag="930" ind1=" " ind2=" ">
    <subfield code="a">UNDFE05</subfield>
  </datafield>
  <datafield tag="930" ind1=" " ind2=" ">
    <subfield code="a">UDIQ404</subfield>
    <subfield code="b">4.0076</subfield>
  </datafield>
  <datafield tag="949" ind1=" " ind2=" ">
    <subfield code="9">A/59/620</subfield>
    <subfield code="b">1280684.1.1</subfield>
    <subfield code="c">c. 1</subfield>
    <subfield code="d">20050227190000</subfield>
    <subfield code="i">1280684</subfield>
    <subfield code="k">uncs</subfield>
    <subfield code="l">DHL</subfield>
    <subfield code="m">14day</subfield>
    <subfield code="z">t</subfield>
  </datafield>
  <datafield tag="949" ind1=" " ind2=" ">
    <subfield code="9">A/59/620</subfield>
    <subfield code="b">1280688.5.1</subfield>
    <subfield code="c">c. 1</subfield>
    <subfield code="d">20050227190000</subfield>
    <subfield code="i">1280688</subfield>
    <subfield code="k">unss</subfield>
    <subfield code="l">DHL</subfield>
    <subfield code="m">14day</subfield>
    <subfield code="z">t</subfield>
  </datafield>
  <datafield tag="949" ind1=" " ind2=" ">
    <subfield code="9">A/59/620</subfield>
    <subfield code="b">1280685.2.1</subfield>
    <subfield code="c">c. 1</subfield>
    <subfield code="d">20050227190000</subfield>
    <subfield code="i">1280685</subfield>
    <subfield code="k">unes</subfield>
    <subfield code="l">DHL</subfield>
    <subfield code="m">14day</subfield>
    <subfield code="z">t</subfield>
  </datafield>
  <datafield tag="949" ind1=" " ind2=" ">
    <subfield code="9">A/59/620</subfield>
    <subfield code="b">1280687.4.1</subfield>
    <subfield code="c">c. 1</subfield>
    <subfield code="d">20050227190000</subfield>
    <subfield code="i">1280687</subfield>
    <subfield code="k">unrs</subfield>
    <subfield code="l">DHL</subfield>
    <subfield code="m">14day</subfield>
    <subfield code="z">t</subfield>
  </datafield>
  <datafield tag="949" ind1=" " ind2=" ">
    <subfield code="9">A/59/620</subfield>
    <subfield code="b">1280686.3.1</subfield>
    <subfield code="c">c. 1</subfield>
    <subfield code="d">20050227190000</subfield>
    <subfield code="i">1280686</subfield>
    <subfield code="k">unfs</subfield>
    <subfield code="l">DHL</subfield>
    <subfield code="m">14day</subfield>
    <subfield code="z">t</subfield>
  </datafield>
  <datafield tag="949" ind1=" " ind2=" ">
    <subfield code="9">A/59/620</subfield>
    <subfield code="b">10000007674491</subfield>
    <subfield code="c">c. 1</subfield>
    <subfield code="d">20050227190000</subfield>
    <subfield code="i">1280683</subfield>
    <subfield code="k">unas</subfield>
    <subfield code="l">DHL</subfield>
    <subfield code="m">14day</subfield>
    <subfield code="z">t</subfield>
  </datafield>
  <datafield tag="980" ind1=" " ind2=" ">
    <subfield code="a">BIB</subfield>
  </datafield>
  <datafield tag="981" ind1=" " ind2=" ">
    <subfield code="a">General Assembly</subfield>
    <subfield code="b">General Assembly Plenary</subfield>
  </datafield>
  <datafield tag="989" ind1=" " ind2=" ">
    <subfield code="a">Documents and Publications</subfield>
    <subfield code="b">Reports</subfield>
    <subfield code="c">Secretary-General's Reports</subfield>
  </datafield>
  <datafield tag="991" ind1="1" ind2=" ">
    <subfield code="a">A/59/251</subfield>
    <subfield code="b">126</subfield>
    <subfield code="c">Financing of the United Nations Peacekeeping Force in Cyprus.</subfield>
    <subfield code="d">UN PEACEKEEPING FORCE IN CYPRUS--FINANCING</subfield>
    <subfield code="z">I0185416</subfield>
    <subfield code="0">(DHLAUTH)657281</subfield>
  </datafield>
  <datafield tag="998" ind1=" " ind2=" ">
    <subfield code="a">20050228051400</subfield>
    <subfield code="b">dgcat</subfield>
    <subfield code="c">20160728064800</subfield>
    <subfield code="d">shkcat</subfield>
  </datafield>
  <datafield tag="999" ind1=" " ind2=" ">
    <subfield code="a">pgt20050228</subfield>
    <subfield code="b">20050228</subfield>
    <subfield code="c">t</subfield>
  </datafield>
  <datafield tag="999" ind1=" " ind2=" ">
    <subfield code="a">ttc20050228</subfield>
    <subfield code="b">20050228</subfield>
    <subfield code="c">c</subfield>
  </datafield>
  <datafield tag="999" ind1=" " ind2=" ">
    <subfield code="a">dgq20050228</subfield>
    <subfield code="b">20050228</subfield>
    <subfield code="c">q</subfield>
  </datafield>
  <datafield tag="999" ind1=" " ind2=" ">
    <subfield code="a">TAr20050228</subfield>
    <subfield code="b">20050228</subfield>
    <subfield code="c">r</subfield>
  </datafield>
</record>