
<record>
  <controlfield tag="000">01882cam\\2200541#a\4500</controlfield>
  <controlfield tag="001">435354</controlfield>
  <controlfield tag="005">20191106161312.0</controlfield>
  <controlfield tag="008">010320c2001\\\\usa\\\\\r\\\\\00010\eng\d</controlfield>
  <datafield tag="029" ind1=" " ind2=" ">
    <subfield code="a">JN</subfield>
    <subfield code="b">N0125269 E</subfield>
  </datafield>
  <datafield tag="035" ind1=" " ind2=" ">
    <subfield code="a">D641112X</subfield>
    <subfield code="z">D0261516</subfield>
  </datafield>
  <datafield tag="035" ind1=" " ind2=" ">
    <subfield code="a">(DHL)641112</subfield>
  </datafield>
  <datafield tag="039" ind1=" " ind2=" ">
    <subfield code="a">DHU</subfield>
  </datafield>
  <datafield tag="040" ind1=" " ind2=" ">
    <subfield code="a">NNUN</subfield>
    <subfield code="b">eng</subfield>
  </datafield>
  <datafield tag="041" ind1=" " ind2=" ">
    <subfield code="a">arachiengfrerusspa</subfield>
  </datafield>
  <datafield tag="049" ind1=" " ind2=" ">
    <subfield code="a">USA</subfield>
  </datafield>
  <datafield tag="089" ind1=" " ind2=" ">
    <subfield code="b">B15</subfield>
  </datafield>
  <datafield tag="089" ind1=" " ind2=" ">
    <subfield code="b">B16</subfield>
  </datafield>
  <datafield tag="089" ind1=" " ind2=" ">
    <subfield code="b">B11</subfield>
  </datafield>
  <datafield tag="091" ind1=" " ind2=" ">
    <subfield code="a">GEN</subfield>
  </datafield>
  <datafield tag="099" ind1=" " ind2=" ">
    <subfield code="a">UNH</subfield>
    <subfield code="b">DHU</subfield>
  </datafield>
  <datafield tag="191" ind1=" " ind2=" ">
    <subfield code="0">1092173</subfield>
    <subfield code="9">G00</subfield>
    <subfield code="a">A/55/788</subfield>
    <subfield code="b">A/</subfield>
    <subfield code="c">55</subfield>
    <subfield code="f">4.0147</subfield>
    <subfield code="q">A55788</subfield>
    <subfield code="r">A55</subfield>
  </datafield>
  <datafield tag="245" ind1="1" ind2="0">
    <subfield code="a">Budget for the United Nations Peacekeeping Force in Cyprus for the period from 1 July 2001 to 30 June 2002 :</subfield>
    <subfield code="b">report of the Secretary-General</subfield>
  </datafield>
  <datafield tag="260" ind1=" " ind2=" ">
    <subfield code="a">[New York] :</subfield>
    <subfield code="b">UN,</subfield>
    <subfield code="c">14 Feb. 2001</subfield>
  </datafield>
  <datafield tag="269" ind1=" " ind2=" ">
    <subfield code="a">2001-02-14</subfield>
  </datafield>
  <datafield tag="300" ind1=" " ind2=" ">
    <subfield code="a">34 p. :</subfield>
    <subfield code="b">chart, map, tables</subfield>
  </datafield>
  <datafield tag="500" ind1=" " ind2=" ">
    <subfield code="a">Includes#UN map no. 2930 rev.48: UNFICYP deployment as of December 2000#(Dec. 2000).</subfield>
  </datafield>
  <datafield tag="610" ind1="2" ind2="7">
    <subfield code="0">1033028</subfield>
    <subfield code="a">UN Peacekeeping Force in Cyprus</subfield>
    <subfield code="g">Financing</subfield>
  </datafield>
  <datafield tag="610" ind1="2" ind2="7">
    <subfield code="0">1105727</subfield>
    <subfield code="a">UN Peacekeeping Force in Cyprus</subfield>
    <subfield code="g">Budget (2001-2002)</subfield>
  </datafield>
  <datafield tag="610" ind1="2" ind2="4">
    <subfield code="0">1033812</subfield>
    <subfield code="a">UN Peacekeeping Force in Cyprus</subfield>
    <subfield code="g">Organizational structure</subfield>
  </datafield>
  <datafield tag="650" ind1="1" ind2="7">
    <subfield code="0">1277954</subfield>
    <subfield code="a">PEACEKEEPING OPERATIONS</subfield>
  </datafield>
  <datafield tag="650" ind1="1" ind2="7">
    <subfield code="0">1278724</subfield>
    <subfield code="2">unbist</subfield>
    <subfield code="a">MAPS</subfield>
  </datafield>
  <datafield tag="650" ind1="1" ind2="7">
    <subfield code="0">1283726</subfield>
    <subfield code="2">unbist</subfield>
    <subfield code="a">COSTS</subfield>
  </datafield>
  <datafield tag="650" ind1="2" ind2="7">
    <subfield code="0">1283766</subfield>
    <subfield code="2">unbist</subfield>
    <subfield code="a">RESOURCES ALLOCATION</subfield>
  </datafield>
  <datafield tag="650" ind1="2" ind2="7">
    <subfield code="0">1283235</subfield>
    <subfield code="2">unbist</subfield>
    <subfield code="a">BUDGET CONTRIBUTIONS</subfield>
  </datafield>
  <datafield tag="650" ind1="2" ind2="7">
    <subfield code="0">1284194</subfield>
    <subfield code="2">unbist</subfield>
    <subfield code="a">TROOP-CONTRIBUTING STATES</subfield>
  </datafield>
  <datafield tag="650" ind1="2" ind2="7">
    <subfield code="0">1283335</subfield>
    <subfield code="2">unbist</subfield>
    <subfield code="a">REIMBURSEMENT</subfield>
  </datafield>
  <datafield tag="650" ind1="2" ind2="7">
    <subfield code="0">1279339</subfield>
    <subfield code="2">unbist</subfield>
    <subfield code="a">EQUIPMENT AND SUPPLIES</subfield>
  </datafield>
  <datafield tag="650" ind1="2" ind2="7">
    <subfield code="0">1282645</subfield>
    <subfield code="2">unbist</subfield>
    <subfield code="a">STAFFING</subfield>
  </datafield>
  <datafield tag="650" ind1="2" ind2="7">
    <subfield code="0">1278018</subfield>
    <subfield code="a">MILITARY PERSONNEL</subfield>
  </datafield>
  <datafield tag="650" ind1="2" ind2="7">
    <subfield code="0">1278070</subfield>
    <subfield code="2">unbist</subfield>
    <subfield code="a">CYPRUS QUESTION</subfield>
  </datafield>
  <datafield tag="651" ind1="1" ind2="7">
    <subfield code="0">1282224</subfield>
    <subfield code="a">CYPRUS</subfield>
  </datafield>
  <datafield tag="710" ind1="2" ind2="0">
    <subfield code="0">864434</subfield>
    <subfield code="a">UN. Secretary-General</subfield>
  </datafield>
  <datafield tag="856" ind1="4" ind2=" ">
    <subfield code="s">1202413</subfield>
    <subfield code="u">http://digitallibrary.un.org/record/435354/files/A_55_788-AR.pdf</subfield>
    <subfield code="y">العربية</subfield>
  </datafield>
  <datafield tag="856" ind1="4" ind2=" ">
    <subfield code="s">1271566</subfield>
    <subfield code="u">http://digitallibrary.un.org/record/435354/files/A_55_788-ZH.pdf</subfield>
    <subfield code="y">中文</subfield>
  </datafield>
  <datafield tag="856" ind1="4" ind2=" ">
    <subfield code="s">1515982</subfield>
    <subfield code="u">http://digitallibrary.un.org/record/435354/files/A_55_788-EN.pdf</subfield>
    <subfield code="y">English</subfield>
  </datafield>
  <datafield tag="856" ind1="4" ind2=" ">
    <subfield code="s">1619658</subfield>
    <subfield code="u">http://digitallibrary.un.org/record/435354/files/A_55_788-FR.pdf</subfield>
    <subfield code="y">Français</subfield>
  </datafield>
  <datafield tag="856" ind1="4" ind2=" ">
    <subfield code="s">1860312</subfield>
    <subfield code="u">http://digitallibrary.un.org/record/435354/files/A_55_788-RU.pdf</subfield>
    <subfield code="y">Русский</subfield>
  </datafield>
  <datafield tag="856" ind1="4" ind2=" ">
    <subfield code="s">1680511</subfield>
    <subfield code="u">http://digitallibrary.un.org/record/435354/files/A_55_788-ES.pdf</subfield>
    <subfield code="y">Español</subfield>
  </datafield>
  <datafield tag="930" ind1=" " ind2=" ">
    <subfield code="a">UNDMA01</subfield>
  </datafield>
  <datafield tag="930" ind1=" " ind2=" ">
    <subfield code="a">UDIQ400</subfield>
    <subfield code="b">4.0147</subfield>
  </datafield>
  <datafield tag="930" ind1=" " ind2=" ">
    <subfield code="a">UPDQ400</subfield>
  </datafield>
  <datafield tag="949" ind1=" " ind2=" ">
    <subfield code="9">A/55/788</subfield>
    <subfield code="b">937744.3.1</subfield>
    <subfield code="c">c. 1</subfield>
    <subfield code="d">20010319200000</subfield>
    <subfield code="i">937744</subfield>
    <subfield code="k">uncs</subfield>
    <subfield code="l">DHL</subfield>
    <subfield code="m">14day</subfield>
    <subfield code="z">t</subfield>
  </datafield>
  <datafield tag="949" ind1=" " ind2=" ">
    <subfield code="9">A/55/788</subfield>
    <subfield code="b">937743.2.1</subfield>
    <subfield code="c">c. 1</subfield>
    <subfield code="d">20010319200000</subfield>
    <subfield code="i">937743</subfield>
    <subfield code="k">unas</subfield>
    <subfield code="l">DHL</subfield>
    <subfield code="m">14day</subfield>
    <subfield code="z">t</subfield>
  </datafield>
  <datafield tag="949" ind1=" " ind2=" ">
    <subfield code="9">A/55/788</subfield>
    <subfield code="b">937746.5.1</subfield>
    <subfield code="c">c. 1</subfield>
    <subfield code="d">20010319200000</subfield>
    <subfield code="i">937746</subfield>
    <subfield code="k">unrs</subfield>
    <subfield code="l">DHL</subfield>
    <subfield code="m">14day</subfield>
    <subfield code="z">t</subfield>
  </datafield>
  <datafield tag="949" ind1=" " ind2=" ">
    <subfield code="9">A/55/788</subfield>
    <subfield code="b">937745.4.1</subfield>
    <subfield code="c">c. 1</subfield>
    <subfield code="d">20010319200000</subfield>
    <subfield code="i">937745</subfield>
    <subfield code="k">unfs</subfield>
    <subfield code="l">DHL</subfield>
    <subfield code="m">14day</subfield>
    <subfield code="z">t</subfield>
  </datafield>
  <datafield tag="949" ind1=" " ind2=" ">
    <subfield code="9">A/55/788</subfield>
    <subfield code="b">937742.1.1</subfield>
    <subfield code="c">c. 1</subfield>
    <subfield code="d">20010319200000</subfield>
    <subfield code="i">937742</subfield>
    <subfield code="k">unes</subfield>
    <subfield code="l">DHL</subfield>
    <subfield code="m">14day</subfield>
    <subfield code="z">t</subfield>
  </datafield>
  <datafield tag="949" ind1=" " ind2=" ">
    <subfield code="9">A/55/788</subfield>
    <subfield code="b">937747.6.1</subfield>
    <subfield code="c">c. 1</subfield>
    <subfield code="d">20010319200000</subfield>
    <subfield code="i">937747</subfield>
    <subfield code="k">unss</subfield>
    <subfield code="l">DHL</subfield>
    <subfield code="m">14day</subfield>
    <subfield code="z">t</subfield>
  </datafield>
  <datafield tag="980" ind1=" " ind2=" ">
    <subfield code="a">BIB</subfield>
  </datafield>
  <datafield tag="981" ind1=" " ind2=" ">
    <subfield code="a">General Assembly</subfield>
    <subfield code="b">General Assembly Plenary</subfield>
  </datafield>
  <datafield tag="989" ind1=" " ind2=" ">
    <subfield code="a">Documents and Publications</subfield>
    <subfield code="b">Reports</subfield>
    <subfield code="c">Secretary-General's Reports</subfield>
  </datafield>
  <datafield tag="991" ind1="1" ind2=" ">
    <subfield code="a">A/55/251</subfield>
    <subfield code="b">143</subfield>
    <subfield code="c">Financing of the United Nations Peacekeeping Force in Cyprus.</subfield>
    <subfield code="d">UN PEACEKEEPING FORCE IN CYPRUS--FINANCING</subfield>
    <subfield code="z">I0147357</subfield>
    <subfield code="0">(DHLAUTH)582088</subfield>
  </datafield>
  <datafield tag="998" ind1=" " ind2=" ">
    <subfield code="a">20010319200000</subfield>
    <subfield code="b">ed23</subfield>
    <subfield code="c">20160728064800</subfield>
    <subfield code="d">shkcat</subfield>
  </datafield>
  <datafield tag="999" ind1=" " ind2=" ">
    <subfield code="a">pgt20010320</subfield>
    <subfield code="b">20010320</subfield>
    <subfield code="c">t</subfield>
  </datafield>
  <datafield tag="999" ind1=" " ind2=" ">
    <subfield code="a">SLc20010320</subfield>
    <subfield code="b">20010320</subfield>
    <subfield code="c">c</subfield>
  </datafield>
  <datafield tag="999" ind1=" " ind2=" ">
    <subfield code="a">SLp20010320</subfield>
    <subfield code="b">20010320</subfield>
    <subfield code="c">p</subfield>
  </datafield>
  <datafield tag="999" ind1=" " ind2=" ">
    <subfield code="a">etq20010320</subfield>
    <subfield code="b">20010320</subfield>
    <subfield code="c">q</subfield>
  </datafield>
  <datafield tag="999" ind1=" " ind2=" ">
    <subfield code="a">TAr20010327</subfield>
    <subfield code="b">20010327</subfield>
    <subfield code="c">r</subfield>
  </datafield>
</record>