
<record>
  <controlfield tag="000">00000nam\\2200025#a\4500</controlfield>
  <controlfield tag="001">629646</controlfield>
  <controlfield tag="005">20191031120626.0</controlfield>
  <controlfield tag="008">080619s2008\\\\usa\\\\#r\\\\\|||1|\eng\d</controlfield>
  <datafield tag="029" ind1=" " ind2=" ">
    <subfield code="a">JN</subfield>
    <subfield code="b">N0838387 E</subfield>
  </datafield>
  <datafield tag="035" ind1=" " ind2=" ">
    <subfield code="a">D865489X</subfield>
    <subfield code="z">D0355221</subfield>
  </datafield>
  <datafield tag="035" ind1=" " ind2=" ">
    <subfield code="a">(DHL)865489</subfield>
  </datafield>
  <datafield tag="039" ind1=" " ind2=" ">
    <subfield code="a">DHU</subfield>
  </datafield>
  <datafield tag="040" ind1=" " ind2=" ">
    <subfield code="a">NNUN</subfield>
    <subfield code="b">eng</subfield>
  </datafield>
  <datafield tag="041" ind1=" " ind2=" ">
    <subfield code="a">arachiengfrerusspa</subfield>
  </datafield>
  <datafield tag="049" ind1=" " ind2=" ">
    <subfield code="a">usa</subfield>
  </datafield>
  <datafield tag="089" ind1=" " ind2=" ">
    <subfield code="b">B04</subfield>
  </datafield>
  <datafield tag="089" ind1=" " ind2=" ">
    <subfield code="b">B02</subfield>
  </datafield>
  <datafield tag="091" ind1=" " ind2=" ">
    <subfield code="a">GEN</subfield>
  </datafield>
  <datafield tag="099" ind1=" " ind2=" ">
    <subfield code="a">UNH</subfield>
    <subfield code="b">DHU</subfield>
  </datafield>
  <datafield tag="191" ind1=" " ind2=" ">
    <subfield code="0">1182355</subfield>
    <subfield code="9">G55</subfield>
    <subfield code="a">A/62/868</subfield>
    <subfield code="b">A/</subfield>
    <subfield code="c">62</subfield>
    <subfield code="q">A62868</subfield>
    <subfield code="r">A62</subfield>
  </datafield>
  <datafield tag="245" ind1="1" ind2="0">
    <subfield code="a">Financing of the United Nations Peacekeeping Force in Cyprus :</subfield>
    <subfield code="b">report of the 5th Committee : General Assembly, 62nd session </subfield>
  </datafield>
  <datafield tag="260" ind1=" " ind2=" ">
    <subfield code="a">[New York] :</subfield>
    <subfield code="b">UN,</subfield>
    <subfield code="c">16 June 2008</subfield>
  </datafield>
  <datafield tag="269" ind1=" " ind2=" ">
    <subfield code="a">2008-06-16</subfield>
  </datafield>
  <datafield tag="300" ind1=" " ind2=" ">
    <subfield code="a">7 p. </subfield>
  </datafield>
  <datafield tag="610" ind1="2" ind2="7">
    <subfield code="0">1033028</subfield>
    <subfield code="2">unbisn</subfield>
    <subfield code="a">UN Peacekeeping Force in Cyprus</subfield>
    <subfield code="g">Financing</subfield>
  </datafield>
  <datafield tag="610" ind1="2" ind2="7">
    <subfield code="0">1166557</subfield>
    <subfield code="2">unbisn</subfield>
    <subfield code="a">UN. Special Representative of the Secretary-General in Cyprus and Head of the United Nations Peacekeeping Force in Cyprus</subfield>
  </datafield>
  <datafield tag="610" ind1="2" ind2="7">
    <subfield code="0">1170866</subfield>
    <subfield code="2">unbisn</subfield>
    <subfield code="a">UN Peacekeeping Force in Cyprus</subfield>
    <subfield code="g">Budget (2006-2007)</subfield>
  </datafield>
  <datafield tag="610" ind1="2" ind2="7">
    <subfield code="0">1185131</subfield>
    <subfield code="2">unbisn</subfield>
    <subfield code="a">UN Peacekeeping Force in Cyprus</subfield>
    <subfield code="g">Budget (2007-2008)</subfield>
  </datafield>
  <datafield tag="610" ind1="2" ind2="7">
    <subfield code="0">1197432</subfield>
    <subfield code="2">unbisn</subfield>
    <subfield code="a">UN Peacekeeping Force in Cyprus</subfield>
    <subfield code="g">Budget (2008-2009)</subfield>
  </datafield>
  <datafield tag="610" ind1="2" ind2="7">
    <subfield code="0">1199608</subfield>
    <subfield code="2">unbisn</subfield>
    <subfield code="a">UN Peacekeeping Force in Cyprus</subfield>
    <subfield code="g">Budget contributions (2008)</subfield>
  </datafield>
  <datafield tag="610" ind1="2" ind2="7">
    <subfield code="0">1018175</subfield>
    <subfield code="2">unbisn</subfield>
    <subfield code="a">UN Logistics Base</subfield>
  </datafield>
  <datafield tag="610" ind1="2" ind2="7">
    <subfield code="0">956661</subfield>
    <subfield code="2">unbisn</subfield>
    <subfield code="a">UN. Advisory Committee on Administrative and Budgetary Questions</subfield>
    <subfield code="g">Recommendations</subfield>
  </datafield>
  <datafield tag="630" ind1="0" ind2="7">
    <subfield code="0">882271</subfield>
    <subfield code="2">unbisn</subfield>
    <subfield code="a">Tax Equalization Fund</subfield>
  </datafield>
  <datafield tag="650" ind1="1" ind2="7">
    <subfield code="0">1277954</subfield>
    <subfield code="2">unbist</subfield>
    <subfield code="a">PEACEKEEPING OPERATIONS</subfield>
  </datafield>
  <datafield tag="650" ind1="1" ind2="7">
    <subfield code="0">1282522</subfield>
    <subfield code="2">unbist</subfield>
    <subfield code="a">APPROPRIATIONS</subfield>
  </datafield>
  <datafield tag="650" ind1="1" ind2="7">
    <subfield code="0">1283241</subfield>
    <subfield code="2">unbist</subfield>
    <subfield code="a">SPECIAL ACCOUNTS</subfield>
  </datafield>
  <datafield tag="650" ind1="1" ind2="7">
    <subfield code="0">1283221</subfield>
    <subfield code="2">unbist</subfield>
    <subfield code="a">STAFF ASSESSMENT</subfield>
  </datafield>
  <datafield tag="650" ind1="2" ind2="7">
    <subfield code="0">1283335</subfield>
    <subfield code="2">unbist</subfield>
    <subfield code="a">REIMBURSEMENT</subfield>
  </datafield>
  <datafield tag="650" ind1="2" ind2="7">
    <subfield code="0">1284194</subfield>
    <subfield code="2">unbist</subfield>
    <subfield code="a">TROOP-CONTRIBUTING STATES</subfield>
  </datafield>
  <datafield tag="650" ind1="2" ind2="7">
    <subfield code="0">1283959</subfield>
    <subfield code="2">unbist</subfield>
    <subfield code="a">FINANCIAL RESOURCES</subfield>
  </datafield>
  <datafield tag="650" ind1="2" ind2="7">
    <subfield code="0">1282519</subfield>
    <subfield code="2">unbist</subfield>
    <subfield code="a">ADMINISTRATION</subfield>
  </datafield>
  <datafield tag="650" ind1="2" ind2="7">
    <subfield code="0">1279339</subfield>
    <subfield code="2">unbist</subfield>
    <subfield code="a">EQUIPMENT AND SUPPLIES</subfield>
  </datafield>
  <datafield tag="650" ind1="2" ind2="7">
    <subfield code="0">1278000</subfield>
    <subfield code="2">unbist</subfield>
    <subfield code="a">LOGISTICS</subfield>
  </datafield>
  <datafield tag="650" ind1="2" ind2="7">
    <subfield code="0">1282645</subfield>
    <subfield code="2">unbist</subfield>
    <subfield code="a">STAFFING</subfield>
  </datafield>
  <datafield tag="650" ind1="2" ind2="7">
    <subfield code="0">1282978</subfield>
    <subfield code="2">unbist</subfield>
    <subfield code="a">HOST COUNTRY RELATIONS</subfield>
  </datafield>
  <datafield tag="650" ind1="2" ind2="7">
    <subfield code="0">1278018</subfield>
    <subfield code="2">unbist</subfield>
    <subfield code="a">MILITARY PERSONNEL</subfield>
  </datafield>
  <datafield tag="650" ind1="2" ind2="7">
    <subfield code="0">1283895</subfield>
    <subfield code="2">unbist</subfield>
    <subfield code="a">HOUSING CONDITIONS</subfield>
  </datafield>
  <datafield tag="650" ind1="2" ind2="7">
    <subfield code="0">1283209</subfield>
    <subfield code="2">unbist</subfield>
    <subfield code="a">GENERAL SERVICE STAFF</subfield>
  </datafield>
  <datafield tag="650" ind1="2" ind2="7">
    <subfield code="0">1280823</subfield>
    <subfield code="2">unbist</subfield>
    <subfield code="a">RECRUITMENT</subfield>
  </datafield>
  <datafield tag="650" ind1="2" ind2="7">
    <subfield code="0">1283726</subfield>
    <subfield code="2">unbist</subfield>
    <subfield code="a">COSTS</subfield>
  </datafield>
  <datafield tag="650" ind1="2" ind2="7">
    <subfield code="0">1283236</subfield>
    <subfield code="2">unbist</subfield>
    <subfield code="a">BUDGET PERFORMANCE</subfield>
  </datafield>
  <datafield tag="650" ind1="2" ind2="7">
    <subfield code="0">1282518</subfield>
    <subfield code="2">unbist</subfield>
    <subfield code="a">ACCOUNTS</subfield>
  </datafield>
  <datafield tag="650" ind1="2" ind2="7">
    <subfield code="0">1283224</subfield>
    <subfield code="2">unbist</subfield>
    <subfield code="a">STAFF SECURITY</subfield>
  </datafield>
  <datafield tag="650" ind1="2" ind2="7">
    <subfield code="0">1284098</subfield>
    <subfield code="2">unbist</subfield>
    <subfield code="a">CONTRIBUTIONS-IN-KIND</subfield>
  </datafield>
  <datafield tag="651" ind1="1" ind2="7">
    <subfield code="0">1282224</subfield>
    <subfield code="2">unbist</subfield>
    <subfield code="a">CYPRUS</subfield>
  </datafield>
  <datafield tag="710" ind1="2" ind2=" ">
    <subfield code="0">1191405</subfield>
    <subfield code="a">UN. General Assembly (62nd sess. : 2007-2008). 5th Committee</subfield>
  </datafield>
  <datafield tag="793" ind1=" " ind2=" ">
    <subfield code="a">05</subfield>
  </datafield>
  <datafield tag="856" ind1="4" ind2=" ">
    <subfield code="s">140130</subfield>
    <subfield code="u">http://digitallibrary.un.org/record/629646/files/A_62_868-AR.pdf</subfield>
    <subfield code="y">العربية</subfield>
  </datafield>
  <datafield tag="856" ind1="4" ind2=" ">
    <subfield code="s">157577</subfield>
    <subfield code="u">http://digitallibrary.un.org/record/629646/files/A_62_868-ZH.pdf</subfield>
    <subfield code="y">中文</subfield>
  </datafield>
  <datafield tag="856" ind1="4" ind2=" ">
    <subfield code="s">46367</subfield>
    <subfield code="u">http://digitallibrary.un.org/record/629646/files/A_62_868-EN.pdf</subfield>
    <subfield code="y">English</subfield>
  </datafield>
  <datafield tag="856" ind1="4" ind2=" ">
    <subfield code="s">51224</subfield>
    <subfield code="u">http://digitallibrary.un.org/record/629646/files/A_62_868-FR.pdf</subfield>
    <subfield code="y">Français</subfield>
  </datafield>
  <datafield tag="856" ind1="4" ind2=" ">
    <subfield code="s">196793</subfield>
    <subfield code="u">http://digitallibrary.un.org/record/629646/files/A_62_868-RU.pdf</subfield>
    <subfield code="y">Русский</subfield>
  </datafield>
  <datafield tag="856" ind1="4" ind2=" ">
    <subfield code="s">50795</subfield>
    <subfield code="u">http://digitallibrary.un.org/record/629646/files/A_62_868-ES.pdf</subfield>
    <subfield code="y">Español</subfield>
  </datafield>
  <datafield tag="930" ind1=" " ind2=" ">
    <subfield code="a">UNDJU08</subfield>
  </datafield>
  <datafield tag="949" ind1=" " ind2=" ">
    <subfield code="9">A/62/868</subfield>
    <subfield code="b">1559386.5.1</subfield>
    <subfield code="c">c. 1</subfield>
    <subfield code="d">20080618200000</subfield>
    <subfield code="i">1559386</subfield>
    <subfield code="k">unss</subfield>
    <subfield code="l">DHL</subfield>
    <subfield code="m">14day</subfield>
    <subfield code="z">t</subfield>
  </datafield>
  <datafield tag="949" ind1=" " ind2=" ">
    <subfield code="9">A/62/868</subfield>
    <subfield code="b">1559385.4.1</subfield>
    <subfield code="c">c. 1</subfield>
    <subfield code="d">20080618200000</subfield>
    <subfield code="i">1559385</subfield>
    <subfield code="k">unrs</subfield>
    <subfield code="l">DHL</subfield>
    <subfield code="m">14day</subfield>
    <subfield code="z">t</subfield>
  </datafield>
  <datafield tag="949" ind1=" " ind2=" ">
    <subfield code="9">A/62/868</subfield>
    <subfield code="b">10000008654891</subfield>
    <subfield code="c">c. 1</subfield>
    <subfield code="d">20080618200000</subfield>
    <subfield code="i">1559351</subfield>
    <subfield code="k">unes</subfield>
    <subfield code="l">DHL</subfield>
    <subfield code="m">14day</subfield>
    <subfield code="z">t</subfield>
  </datafield>
  <datafield tag="949" ind1=" " ind2=" ">
    <subfield code="9">A/62/868</subfield>
    <subfield code="b">1559384.3.1</subfield>
    <subfield code="c">c. 1</subfield>
    <subfield code="d">20080618200000</subfield>
    <subfield code="i">1559384</subfield>
    <subfield code="k">unfs</subfield>
    <subfield code="l">DHL</subfield>
    <subfield code="m">14day</subfield>
    <subfield code="z">t</subfield>
  </datafield>
  <datafield tag="949" ind1=" " ind2=" ">
    <subfield code="9">A/62/868</subfield>
    <subfield code="b">1559382.1.1</subfield>
    <subfield code="c">c. 1</subfield>
    <subfield code="d">20080618200000</subfield>
    <subfield code="i">1559382</subfield>
    <subfield code="k">unas</subfield>
    <subfield code="l">DHL</subfield>
    <subfield code="m">14day</subfield>
    <subfield code="z">t</subfield>
  </datafield>
  <datafield tag="949" ind1=" " ind2=" ">
    <subfield code="9">A/62/868</subfield>
    <subfield code="b">1559383.2.1</subfield>
    <subfield code="c">c. 1</subfield>
    <subfield code="d">20080618200000</subfield>
    <subfield code="i">1559383</subfield>
    <subfield code="k">uncs</subfield>
    <subfield code="l">DHL</subfield>
    <subfield code="m">14day</subfield>
    <subfield code="z">t</subfield>
  </datafield>
  <datafield tag="980" ind1=" " ind2=" ">
    <subfield code="a">BIB</subfield>
  </datafield>
  <datafield tag="981" ind1=" " ind2=" ">
    <subfield code="a">General Assembly</subfield>
    <subfield code="b">General Assembly Plenary</subfield>
  </datafield>
  <datafield tag="989" ind1=" " ind2=" ">
    <subfield code="a">Documents and Publications</subfield>
    <subfield code="b">Reports</subfield>
    <subfield code="c">Annual and Sessional Reports</subfield>
  </datafield>
  <datafield tag="989" ind1=" " ind2=" ">
    <subfield code="a">Documents and Publications</subfield>
    <subfield code="b">Draft Resolutions and Decisions</subfield>
  </datafield>
  <datafield tag="991" ind1="1" ind2=" ">
    <subfield code="a">A/62/251</subfield>
    <subfield code="b">143</subfield>
    <subfield code="c">Financing of the United Nations Peacekeeping Force in Cyprus.</subfield>
    <subfield code="d">UN PEACEKEEPING FORCE IN CYPRUS--FINANCING</subfield>
    <subfield code="z">I0197638</subfield>
    <subfield code="0">(DHLAUTH)723448</subfield>
  </datafield>
  <datafield tag="998" ind1=" " ind2=" ">
    <subfield code="a">20080619053000</subfield>
    <subfield code="b">rtcat</subfield>
    <subfield code="c">20160728064800</subfield>
    <subfield code="d">shkcat</subfield>
  </datafield>
  <datafield tag="999" ind1=" " ind2=" ">
    <subfield code="a">TTr20080624</subfield>
    <subfield code="b">20080624</subfield>
    <subfield code="c">r</subfield>
  </datafield>
  <datafield tag="999" ind1=" " ind2=" ">
    <subfield code="a">rtq20080619</subfield>
    <subfield code="b">20080619</subfield>
    <subfield code="c">q</subfield>
  </datafield>
  <datafield tag="999" ind1=" " ind2=" ">
    <subfield code="a">slt20080619</subfield>
    <subfield code="b">20080619</subfield>
    <subfield code="c">t</subfield>
  </datafield>
  <datafield tag="999" ind1=" " ind2=" ">
    <subfield code="a">yllc20080619</subfield>
    <subfield code="b">20080619</subfield>
    <subfield code="c">c</subfield>
  </datafield>
</record>