
<record>
  <controlfield tag="000">01868cam\\2200577#a\4500</controlfield>
  <controlfield tag="001">264386</controlfield>
  <controlfield tag="005">20191031121058.0</controlfield>
  <controlfield tag="008">981124c1998\\\\usa\\\\\r\\\\\00010\eng\d</controlfield>
  <datafield tag="029" ind1=" " ind2=" ">
    <subfield code="a">JN</subfield>
    <subfield code="b">N9836624 E</subfield>
  </datafield>
  <datafield tag="035" ind1=" " ind2=" ">
    <subfield code="a">D455415X</subfield>
    <subfield code="z">D0230262</subfield>
  </datafield>
  <datafield tag="035" ind1=" " ind2=" ">
    <subfield code="a">(DHL)455415</subfield>
  </datafield>
  <datafield tag="039" ind1=" " ind2=" ">
    <subfield code="a">DHU</subfield>
  </datafield>
  <datafield tag="040" ind1=" " ind2=" ">
    <subfield code="a">NNUN</subfield>
    <subfield code="b">eng</subfield>
  </datafield>
  <datafield tag="041" ind1=" " ind2=" ">
    <subfield code="a">arachiengfrerusspa</subfield>
  </datafield>
  <datafield tag="049" ind1=" " ind2=" ">
    <subfield code="a">USA</subfield>
  </datafield>
  <datafield tag="089" ind1=" " ind2=" ">
    <subfield code="b">B15</subfield>
  </datafield>
  <datafield tag="089" ind1=" " ind2=" ">
    <subfield code="b">B16</subfield>
  </datafield>
  <datafield tag="089" ind1=" " ind2=" ">
    <subfield code="b">B11</subfield>
  </datafield>
  <datafield tag="091" ind1=" " ind2=" ">
    <subfield code="a">GEN</subfield>
  </datafield>
  <datafield tag="099" ind1=" " ind2=" ">
    <subfield code="a">UNH</subfield>
    <subfield code="b">DHU</subfield>
  </datafield>
  <datafield tag="191" ind1=" " ind2=" ">
    <subfield code="0">1033247</subfield>
    <subfield code="9">X00</subfield>
    <subfield code="a">S/1998/1110</subfield>
    <subfield code="b">S/</subfield>
    <subfield code="c">53</subfield>
    <subfield code="q">S19981110</subfield>
    <subfield code="r">S53</subfield>
  </datafield>
  <datafield tag="245" ind1="1" ind2="0">
    <subfield code="a">Report of the Secretary-General on the United Nations Observer Mission in Angola</subfield>
  </datafield>
  <datafield tag="249" ind1=" " ind2=" ">
    <subfield code="a">Report on the UN Observer Mission in Angola / Secretary-General</subfield>
  </datafield>
  <datafield tag="260" ind1=" " ind2=" ">
    <subfield code="a">[New York] :</subfield>
    <subfield code="b">UN,</subfield>
    <subfield code="c">23 Nov. 1998</subfield>
  </datafield>
  <datafield tag="269" ind1=" " ind2=" ">
    <subfield code="a">1998-11-23</subfield>
  </datafield>
  <datafield tag="300" ind1=" " ind2=" ">
    <subfield code="a">13 p. :</subfield>
    <subfield code="b">map, table</subfield>
  </datafield>
  <datafield tag="500" ind1=" " ind2=" ">
    <subfield code="a">Includes#UN map no. 4016 rev.10: MONUA deployment as of November 1998#(Nov. 1998).</subfield>
  </datafield>
  <datafield tag="610" ind1="2" ind2="7">
    <subfield code="0">1024974</subfield>
    <subfield code="2">unbisn</subfield>
    <subfield code="a">UN Observer Mission in Angola</subfield>
  </datafield>
  <datafield tag="610" ind1="2" ind2="4">
    <subfield code="0">1036172</subfield>
    <subfield code="a">UN OBSERVER MISSION IN ANGOLA</subfield>
    <subfield code="g">FINANCING.</subfield>
  </datafield>
  <datafield tag="610" ind1="2" ind2="7">
    <subfield code="0">881365</subfield>
    <subfield code="2">unbisn</subfield>
    <subfield code="a">União Nacional para a Independência Total de Angola</subfield>
  </datafield>
  <datafield tag="650" ind1="0" ind2="7">
    <subfield code="0">1278724</subfield>
    <subfield code="2">unbist</subfield>
    <subfield code="a">MAPS</subfield>
  </datafield>
  <datafield tag="650" ind1="0" ind2="7">
    <subfield code="0">1277954</subfield>
    <subfield code="a">PEACEKEEPING OPERATIONS</subfield>
  </datafield>
  <datafield tag="650" ind1="0" ind2="7">
    <subfield code="0">1281147</subfield>
    <subfield code="2">unbist</subfield>
    <subfield code="a">POLICE</subfield>
  </datafield>
  <datafield tag="650" ind1="0" ind2="7">
    <subfield code="0">1282419</subfield>
    <subfield code="2">unbist</subfield>
    <subfield code="a">POLITICAL CONDITIONS</subfield>
  </datafield>
  <datafield tag="650" ind1="0" ind2="7">
    <subfield code="0">1277830</subfield>
    <subfield code="2">unbist</subfield>
    <subfield code="a">INTERNAL SECURITY</subfield>
  </datafield>
  <datafield tag="650" ind1="0" ind2="7">
    <subfield code="0">1281052</subfield>
    <subfield code="2">unbist</subfield>
    <subfield code="a">HUMAN RIGHTS</subfield>
  </datafield>
  <datafield tag="650" ind1="0" ind2="7">
    <subfield code="0">1281005</subfield>
    <subfield code="2">unbist</subfield>
    <subfield code="a">HUMANITARIAN ASSISTANCE</subfield>
  </datafield>
  <datafield tag="650" ind1="0" ind2="7">
    <subfield code="0">1284175</subfield>
    <subfield code="2">unbist</subfield>
    <subfield code="a">MILITARY DEMOBILIZATION</subfield>
  </datafield>
  <datafield tag="650" ind1="0" ind2="7">
    <subfield code="0">1284129</subfield>
    <subfield code="2">unbist</subfield>
    <subfield code="a">MINE CLEARANCE</subfield>
  </datafield>
  <datafield tag="650" ind1="0" ind2="7">
    <subfield code="0">1281255</subfield>
    <subfield code="2">unbist</subfield>
    <subfield code="a">SOCIAL INTEGRATION</subfield>
  </datafield>
  <datafield tag="650" ind1="0" ind2="7">
    <subfield code="0">1278069</subfield>
    <subfield code="2">unbist</subfield>
    <subfield code="a">ANGOLA SITUATION</subfield>
  </datafield>
  <datafield tag="650" ind1="0" ind2="7">
    <subfield code="0">1278018</subfield>
    <subfield code="2">unbist</subfield>
    <subfield code="a">MILITARY PERSONNEL</subfield>
  </datafield>
  <datafield tag="650" ind1="0" ind2="7">
    <subfield code="0">1282543</subfield>
    <subfield code="2">unbist</subfield>
    <subfield code="a">FINANCING</subfield>
  </datafield>
  <datafield tag="651" ind1="0" ind2="7">
    <subfield code="0">1282075</subfield>
    <subfield code="2">unbist</subfield>
    <subfield code="a">ANGOLA</subfield>
  </datafield>
  <datafield tag="710" ind1="2" ind2=" ">
    <subfield code="0">864434</subfield>
    <subfield code="a">UN. Secretary-General</subfield>
  </datafield>
  <datafield tag="856" ind1="4" ind2=" ">
    <subfield code="s">102143</subfield>
    <subfield code="u">http://digitallibrary.un.org/record/264386/files/S_1998_1110-AR.pdf</subfield>
    <subfield code="y">العربية</subfield>
  </datafield>
  <datafield tag="856" ind1="4" ind2=" ">
    <subfield code="s">269314</subfield>
    <subfield code="u">http://digitallibrary.un.org/record/264386/files/S_1998_1110-ZH.pdf</subfield>
    <subfield code="y">中文</subfield>
  </datafield>
  <datafield tag="856" ind1="4" ind2=" ">
    <subfield code="s">36611</subfield>
    <subfield code="u">http://digitallibrary.un.org/record/264386/files/S_1998_1110-EN.pdf</subfield>
    <subfield code="y">English</subfield>
  </datafield>
  <datafield tag="856" ind1="4" ind2=" ">
    <subfield code="s">39149</subfield>
    <subfield code="u">http://digitallibrary.un.org/record/264386/files/S_1998_1110-FR.pdf</subfield>
    <subfield code="y">Français</subfield>
  </datafield>
  <datafield tag="856" ind1="4" ind2=" ">
    <subfield code="s">72067</subfield>
    <subfield code="u">http://digitallibrary.un.org/record/264386/files/S_1998_1110-RU.pdf</subfield>
    <subfield code="y">Русский</subfield>
  </datafield>
  <datafield tag="856" ind1="4" ind2=" ">
    <subfield code="s">38633</subfield>
    <subfield code="u">http://digitallibrary.un.org/record/264386/files/S_1998_1110-ES.pdf</subfield>
    <subfield code="y">Español</subfield>
  </datafield>
  <datafield tag="930" ind1=" " ind2=" ">
    <subfield code="a">UNDNO98</subfield>
  </datafield>
  <datafield tag="930" ind1=" " ind2=" ">
    <subfield code="a">UDIQ498</subfield>
  </datafield>
  <datafield tag="930" ind1=" " ind2=" ">
    <subfield code="a">UPDQ499</subfield>
  </datafield>
  <datafield tag="949" ind1=" " ind2=" ">
    <subfield code="9">S/1998/1110</subfield>
    <subfield code="b">585161.4.1</subfield>
    <subfield code="c">c. 1</subfield>
    <subfield code="d">19981123190000</subfield>
    <subfield code="i">585161</subfield>
    <subfield code="k">uncs</subfield>
    <subfield code="l">DHL</subfield>
    <subfield code="m">vcirc</subfield>
    <subfield code="z">t</subfield>
  </datafield>
  <datafield tag="949" ind1=" " ind2=" ">
    <subfield code="9">S/1998/1110</subfield>
    <subfield code="b">585163.6.1</subfield>
    <subfield code="c">c. 1</subfield>
    <subfield code="d">19981123190000</subfield>
    <subfield code="i">585163</subfield>
    <subfield code="k">unrs</subfield>
    <subfield code="l">DHL</subfield>
    <subfield code="m">vcirc</subfield>
    <subfield code="z">t</subfield>
  </datafield>
  <datafield tag="949" ind1=" " ind2=" ">
    <subfield code="9">S/1998/1110</subfield>
    <subfield code="b">585159.2.1</subfield>
    <subfield code="c">c. 2</subfield>
    <subfield code="d">19981123190000</subfield>
    <subfield code="i">585159</subfield>
    <subfield code="k">unes</subfield>
    <subfield code="l">DHL</subfield>
    <subfield code="m">vcirc</subfield>
    <subfield code="z">t</subfield>
  </datafield>
  <datafield tag="949" ind1=" " ind2=" ">
    <subfield code="9">S/1998/1110</subfield>
    <subfield code="b">4554151</subfield>
    <subfield code="c">c. 1</subfield>
    <subfield code="d">19981123190000</subfield>
    <subfield code="i">585153</subfield>
    <subfield code="k">unes</subfield>
    <subfield code="l">DHL</subfield>
    <subfield code="m">vcirc</subfield>
    <subfield code="z">t</subfield>
  </datafield>
  <datafield tag="949" ind1=" " ind2=" ">
    <subfield code="9">S/1998/1110</subfield>
    <subfield code="b">585160.3.1</subfield>
    <subfield code="c">c. 1</subfield>
    <subfield code="d">19981123190000</subfield>
    <subfield code="i">585160</subfield>
    <subfield code="k">unas</subfield>
    <subfield code="l">DHL</subfield>
    <subfield code="m">vcirc</subfield>
    <subfield code="z">t</subfield>
  </datafield>
  <datafield tag="949" ind1=" " ind2=" ">
    <subfield code="9">S/1998/1110</subfield>
    <subfield code="b">585164.7.1</subfield>
    <subfield code="c">c. 1</subfield>
    <subfield code="d">19981123190000</subfield>
    <subfield code="i">585164</subfield>
    <subfield code="k">unss</subfield>
    <subfield code="l">DHL</subfield>
    <subfield code="m">vcirc</subfield>
    <subfield code="z">t</subfield>
  </datafield>
  <datafield tag="949" ind1=" " ind2=" ">
    <subfield code="9">S/1998/1110</subfield>
    <subfield code="b">585162.5.1</subfield>
    <subfield code="c">c. 1</subfield>
    <subfield code="d">19981123190000</subfield>
    <subfield code="i">585162</subfield>
    <subfield code="k">unfs</subfield>
    <subfield code="l">DHL</subfield>
    <subfield code="m">vcirc</subfield>
    <subfield code="z">t</subfield>
  </datafield>
  <datafield tag="980" ind1=" " ind2=" ">
    <subfield code="a">BIB</subfield>
  </datafield>
  <datafield tag="981" ind1=" " ind2=" ">
    <subfield code="a">Security Council</subfield>
  </datafield>
  <datafield tag="989" ind1=" " ind2=" ">
    <subfield code="a">Documents and Publications</subfield>
    <subfield code="b">Reports</subfield>
    <subfield code="c">Secretary-General's Reports</subfield>
  </datafield>
  <datafield tag="991" ind1="3" ind2=" ">
    <subfield code="a">S/53</subfield>
    <subfield code="b">[80]</subfield>
    <subfield code="d">ANGOLA SITUATION</subfield>
    <subfield code="z">I0134353</subfield>
    <subfield code="0">(DHLAUTH)480797</subfield>
  </datafield>
  <datafield tag="991" ind1="3" ind2=" ">
    <subfield code="a">S/53</subfield>
    <subfield code="b">[82]</subfield>
    <subfield code="d">UN OBSERVER MISSION IN ANGOLA</subfield>
    <subfield code="z">I0134353</subfield>
    <subfield code="0">(DHLAUTH)480796</subfield>
  </datafield>
  <datafield tag="998" ind1=" " ind2=" ">
    <subfield code="a">19981123190000</subfield>
    <subfield code="b">adscs</subfield>
    <subfield code="c">20160728064800</subfield>
    <subfield code="d">shkcat</subfield>
  </datafield>
  <datafield tag="999" ind1=" " ind2=" ">
    <subfield code="a">SF</subfield>
    <subfield code="b">19981130</subfield>
    <subfield code="c">R</subfield>
  </datafield>
  <datafield tag="999" ind1=" " ind2=" ">
    <subfield code="a">pg</subfield>
    <subfield code="b">19981125</subfield>
    <subfield code="c">r</subfield>
  </datafield>
  <datafield tag="999" ind1=" " ind2=" ">
    <subfield code="a">tt</subfield>
    <subfield code="b">19981124</subfield>
    <subfield code="c">c</subfield>
  </datafield>
  <datafield tag="999" ind1=" " ind2=" ">
    <subfield code="a">ADS</subfield>
    <subfield code="b">19981124</subfield>
    <subfield code="c">q</subfield>
  </datafield>
</record>