
<record>
  <controlfield tag="000">01560cam\\2200373#\\4500</controlfield>
  <controlfield tag="001">252717</controlfield>
  <controlfield tag="005">20191106114254.0</controlfield>
  <controlfield tag="008">980421s1998\\\\usa\\\\\r\\\\\\\\\\\eng\u</controlfield>
  <datafield tag="029" ind1=" " ind2=" ">
    <subfield code="a">JN</subfield>
    <subfield code="b">N9810734 E</subfield>
  </datafield>
  <datafield tag="035" ind1=" " ind2=" ">
    <subfield code="a">D437819X</subfield>
    <subfield code="z">D0220953</subfield>
  </datafield>
  <datafield tag="035" ind1=" " ind2=" ">
    <subfield code="a">(DHL)437819</subfield>
  </datafield>
  <datafield tag="039" ind1=" " ind2=" ">
    <subfield code="a">DHU</subfield>
  </datafield>
  <datafield tag="040" ind1=" " ind2=" ">
    <subfield code="a">NNUN</subfield>
    <subfield code="b">eng</subfield>
  </datafield>
  <datafield tag="041" ind1=" " ind2=" ">
    <subfield code="a">arachiengfrerusspa</subfield>
  </datafield>
  <datafield tag="049" ind1=" " ind2=" ">
    <subfield code="a">usa</subfield>
  </datafield>
  <datafield tag="089" ind1=" " ind2=" ">
    <subfield code="a">Reports/letters (UN Secretary-General)</subfield>
    <subfield code="b">B15</subfield>
  </datafield>
  <datafield tag="089" ind1=" " ind2=" ">
    <subfield code="a">Reports/studies</subfield>
    <subfield code="b">B16</subfield>
  </datafield>
  <datafield tag="091" ind1=" " ind2=" ">
    <subfield code="a">GEN</subfield>
  </datafield>
  <datafield tag="099" ind1=" " ind2=" ">
    <subfield code="a">UNH</subfield>
    <subfield code="b">DHU</subfield>
  </datafield>
  <datafield tag="191" ind1=" " ind2=" ">
    <subfield code="0">1033247</subfield>
    <subfield code="9">X00</subfield>
    <subfield code="a">S/1998/249/Add.1</subfield>
    <subfield code="b">S/</subfield>
    <subfield code="c">53</subfield>
    <subfield code="q">S1998249ADD1</subfield>
    <subfield code="r">S53</subfield>
  </datafield>
  <datafield tag="245" ind1="1" ind2="0">
    <subfield code="a">Fourth report of the Secretary-General on the situation in Sierra Leone.</subfield>
  </datafield>
  <datafield tag="249" ind1=" " ind2=" ">
    <subfield code="a">4th report on the situation in Sierra Leone : addendum / Secretary-General</subfield>
  </datafield>
  <datafield tag="260" ind1=" " ind2=" ">
    <subfield code="a">[New York] :</subfield>
    <subfield code="b">UN,</subfield>
    <subfield code="c">17 Apr. 1998.</subfield>
  </datafield>
  <datafield tag="269" ind1=" " ind2=" ">
    <subfield code="a">1998-04-17</subfield>
  </datafield>
  <datafield tag="300" ind1=" " ind2=" ">
    <subfield code="a">2 p. :</subfield>
    <subfield code="b">table</subfield>
  </datafield>
  <datafield tag="500" ind1=" " ind2=" ">
    <subfield code="a">Includes cost estimates for the strengthening of the Office of the Special Envoy of the Secretary-General in Freetown, Sierra Leone for an initial period of 3 months.</subfield>
  </datafield>
  <datafield tag="610" ind1="2" ind2="7">
    <subfield code="0">920688</subfield>
    <subfield code="a">UN. Special Envoy of the Secretary-General for Sierra Leone</subfield>
  </datafield>
  <datafield tag="650" ind1="0" ind2="7">
    <subfield code="0">1277956</subfield>
    <subfield code="a">SPECIAL MISSIONS</subfield>
  </datafield>
  <datafield tag="650" ind1="0" ind2="7">
    <subfield code="0">1277954</subfield>
    <subfield code="a">PEACEKEEPING OPERATIONS</subfield>
  </datafield>
  <datafield tag="650" ind1="0" ind2="7">
    <subfield code="0">1278018</subfield>
    <subfield code="a">MILITARY PERSONNEL</subfield>
  </datafield>
  <datafield tag="650" ind1="0" ind2="7">
    <subfield code="0">1283726</subfield>
    <subfield code="a">COSTS</subfield>
  </datafield>
  <datafield tag="651" ind1="0" ind2="7">
    <subfield code="0">1282118</subfield>
    <subfield code="a">SIERRA LEONE</subfield>
  </datafield>
  <datafield tag="710" ind1="2" ind2="0">
    <subfield code="0">864434</subfield>
    <subfield code="a">UN. Secretary-General</subfield>
  </datafield>
  <datafield tag="740" ind1="0" ind2="0">
    <subfield code="a">4th report of the Secretary-General on the situation in Sierra Leone.</subfield>
  </datafield>
  <datafield tag="856" ind1="4" ind2=" ">
    <subfield code="s">58855</subfield>
    <subfield code="u">http://digitallibrary.un.org/record/252717/files/S_1998_249_Add.1-AR.pdf</subfield>
    <subfield code="y">العربية</subfield>
  </datafield>
  <datafield tag="856" ind1="4" ind2=" ">
    <subfield code="s">101338</subfield>
    <subfield code="u">http://digitallibrary.un.org/record/252717/files/S_1998_249_Add.1-ZH.pdf</subfield>
    <subfield code="y">中文</subfield>
  </datafield>
  <datafield tag="856" ind1="4" ind2=" ">
    <subfield code="s">11841</subfield>
    <subfield code="u">http://digitallibrary.un.org/record/252717/files/S_1998_249_Add.1-EN.pdf</subfield>
    <subfield code="y">English</subfield>
  </datafield>
  <datafield tag="856" ind1="4" ind2=" ">
    <subfield code="s">12348</subfield>
    <subfield code="u">http://digitallibrary.un.org/record/252717/files/S_1998_249_Add.1-FR.pdf</subfield>
    <subfield code="y">Français</subfield>
  </datafield>
  <datafield tag="856" ind1="4" ind2=" ">
    <subfield code="s">38236</subfield>
    <subfield code="u">http://digitallibrary.un.org/record/252717/files/S_1998_249_Add.1-RU.pdf</subfield>
    <subfield code="y">Русский</subfield>
  </datafield>
  <datafield tag="856" ind1="4" ind2=" ">
    <subfield code="s">12055</subfield>
    <subfield code="u">http://digitallibrary.un.org/record/252717/files/S_1998_249_Add.1-ES.pdf</subfield>
    <subfield code="y">Español</subfield>
  </datafield>
  <datafield tag="930" ind1=" " ind2=" ">
    <subfield code="a">UNDAP98</subfield>
  </datafield>
  <datafield tag="930" ind1=" " ind2=" ">
    <subfield code="a">UDIQ298</subfield>
  </datafield>
  <datafield tag="930" ind1=" " ind2=" ">
    <subfield code="a">UPDQ499</subfield>
  </datafield>
  <datafield tag="949" ind1=" " ind2=" ">
    <subfield code="9">S/1998/249/Add.1</subfield>
    <subfield code="b">524909.7.1</subfield>
    <subfield code="c">c. 1</subfield>
    <subfield code="d">19980420200000</subfield>
    <subfield code="i">524909</subfield>
    <subfield code="k">unss</subfield>
    <subfield code="l">DHL</subfield>
    <subfield code="m">vcirc</subfield>
    <subfield code="z">t</subfield>
  </datafield>
  <datafield tag="949" ind1=" " ind2=" ">
    <subfield code="9">S/1998/249/Add.1</subfield>
    <subfield code="b">524907.5.1</subfield>
    <subfield code="c">c. 1</subfield>
    <subfield code="d">19980420200000</subfield>
    <subfield code="i">524907</subfield>
    <subfield code="k">unfs</subfield>
    <subfield code="l">DHL</subfield>
    <subfield code="m">vcirc</subfield>
    <subfield code="z">t</subfield>
  </datafield>
  <datafield tag="949" ind1=" " ind2=" ">
    <subfield code="9">S/1998/249/Add.1</subfield>
    <subfield code="b">524906.4.1</subfield>
    <subfield code="c">c. 1</subfield>
    <subfield code="d">19980420200000</subfield>
    <subfield code="i">524906</subfield>
    <subfield code="k">uncs</subfield>
    <subfield code="l">DHL</subfield>
    <subfield code="m">vcirc</subfield>
    <subfield code="z">t</subfield>
  </datafield>
  <datafield tag="949" ind1=" " ind2=" ">
    <subfield code="9">S/1998/249/Add.1</subfield>
    <subfield code="b">4378191</subfield>
    <subfield code="c">c. 1</subfield>
    <subfield code="d">19980420200000</subfield>
    <subfield code="i">524903</subfield>
    <subfield code="k">unes</subfield>
    <subfield code="l">DHL</subfield>
    <subfield code="m">vcirc</subfield>
    <subfield code="z">t</subfield>
  </datafield>
  <datafield tag="949" ind1=" " ind2=" ">
    <subfield code="9">S/1998/249/Add.1</subfield>
    <subfield code="b">524904.2.1</subfield>
    <subfield code="c">c. 2</subfield>
    <subfield code="d">19980420200000</subfield>
    <subfield code="i">524904</subfield>
    <subfield code="k">unes</subfield>
    <subfield code="l">DHL</subfield>
    <subfield code="m">vcirc</subfield>
    <subfield code="z">t</subfield>
  </datafield>
  <datafield tag="949" ind1=" " ind2=" ">
    <subfield code="9">S/1998/249/Add.1</subfield>
    <subfield code="b">524905.3.1</subfield>
    <subfield code="c">c. 1</subfield>
    <subfield code="d">19980420200000</subfield>
    <subfield code="i">524905</subfield>
    <subfield code="k">unas</subfield>
    <subfield code="l">DHL</subfield>
    <subfield code="m">vcirc</subfield>
    <subfield code="z">t</subfield>
  </datafield>
  <datafield tag="949" ind1=" " ind2=" ">
    <subfield code="9">S/1998/249/Add.1</subfield>
    <subfield code="b">524908.6.1</subfield>
    <subfield code="c">c. 1</subfield>
    <subfield code="d">19980420200000</subfield>
    <subfield code="i">524908</subfield>
    <subfield code="k">unrs</subfield>
    <subfield code="l">DHL</subfield>
    <subfield code="m">vcirc</subfield>
    <subfield code="z">t</subfield>
  </datafield>
  <datafield tag="980" ind1=" " ind2=" ">
    <subfield code="a">BIB</subfield>
  </datafield>
  <datafield tag="981" ind1=" " ind2=" ">
    <subfield code="a">Security Council</subfield>
  </datafield>
  <datafield tag="989" ind1=" " ind2=" ">
    <subfield code="a">Documents and Publications</subfield>
    <subfield code="b">Reports</subfield>
    <subfield code="c">Secretary-General's Reports</subfield>
  </datafield>
  <datafield tag="991" ind1="3" ind2=" ">
    <subfield code="a">S/53</subfield>
    <subfield code="b">[171]</subfield>
    <subfield code="d">SIERRA LEONE--POLITICAL CONDITIONS</subfield>
    <subfield code="e">Issued: 17 Apr. 1998. - Includes cost estimates for the strengthening of the Office of the Special Envoy of the Secretary-General in Freetown, Sierra Leone for an initial period of 3 months</subfield>
    <subfield code="z">I0130924</subfield>
    <subfield code="0">(DHLAUTH)480680</subfield>
  </datafield>
  <datafield tag="998" ind1=" " ind2=" ">
    <subfield code="a">19980421062800</subfield>
    <subfield code="b">cat</subfield>
    <subfield code="c">20160728064800</subfield>
    <subfield code="d">shkcat</subfield>
  </datafield>
  <datafield tag="999" ind1=" " ind2=" ">
    <subfield code="a">mdu20051129</subfield>
    <subfield code="b">20051129</subfield>
    <subfield code="c">u</subfield>
  </datafield>
</record>