
<record>
  <controlfield tag="000">04881nam a2200973#a 4500</controlfield>
  <controlfield tag="001">460766</controlfield>
  <controlfield tag="005">20210701165252.0</controlfield>
  <controlfield tag="008">020402s2002    usa    #r     |||1| eng d</controlfield>
  <datafield tag="029" ind1=" " ind2=" ">
    <subfield code="a">JN</subfield>
    <subfield code="b">N0230907 E</subfield>
  </datafield>
  <datafield tag="035" ind1=" " ind2=" ">
    <subfield code="a">D671210X</subfield>
    <subfield code="z">D0274005</subfield>
  </datafield>
  <datafield tag="035" ind1=" " ind2=" ">
    <subfield code="a">(DHL)671210</subfield>
  </datafield>
  <datafield tag="039" ind1=" " ind2=" ">
    <subfield code="a">DHU</subfield>
  </datafield>
  <datafield tag="040" ind1=" " ind2=" ">
    <subfield code="a">NNUN</subfield>
    <subfield code="b">eng</subfield>
  </datafield>
  <datafield tag="041" ind1="0" ind2=" ">
    <subfield code="a">arachiengfrerusspa</subfield>
  </datafield>
  <datafield tag="049" ind1=" " ind2=" ">
    <subfield code="a">usa</subfield>
  </datafield>
  <datafield tag="089" ind1=" " ind2=" ">
    <subfield code="b">B01</subfield>
  </datafield>
  <datafield tag="091" ind1=" " ind2=" ">
    <subfield code="a">GEN</subfield>
  </datafield>
  <datafield tag="099" ind1=" " ind2=" ">
    <subfield code="a">UNH</subfield>
    <subfield code="b">DHU</subfield>
  </datafield>
  <datafield tag="191" ind1=" " ind2=" ">
    <subfield code="a">S/RES/1400(2002)</subfield>
    <subfield code="b">S/</subfield>
    <subfield code="c">57</subfield>
    <subfield code="9">X99</subfield>
    <subfield code="f">1.3879</subfield>
    <subfield code="q">SRES14002002</subfield>
    <subfield code="q">SRES1400</subfield>
    <subfield code="r">S57</subfield>
    <subfield code="0">(DHLAUTH)616204</subfield>
  </datafield>
  <datafield tag="239" ind1="1" ind2="0">
    <subfield code="a">Security Council resolution 1400 (2002) [on extension of the mandate of the UN Mission in Sierra Leone (UNAMSIL)]</subfield>
  </datafield>
  <datafield tag="245" ind1="0" ind2="0">
    <subfield code="a">Resolution 1400 (2002) /</subfield>
    <subfield code="c">adopted by the Security Council at its 4500th meeting, on 28 March 2002</subfield>
  </datafield>
  <datafield tag="260" ind1=" " ind2=" ">
    <subfield code="a">[New York] :</subfield>
    <subfield code="b">UN,</subfield>
    <subfield code="c">28 Mar. 2002</subfield>
  </datafield>
  <datafield tag="269" ind1=" " ind2=" ">
    <subfield code="a">2002-03-28</subfield>
  </datafield>
  <datafield tag="300" ind1=" " ind2=" ">
    <subfield code="a">3 p.</subfield>
  </datafield>
  <datafield tag="500" ind1=" " ind2=" ">
    <subfield code="a">Issued in: Resolutions and decisions of the Security Council, 1 January 2001-31 July 2002 - S/INF/57 - (SCOR, 57th year).</subfield>
  </datafield>
  <datafield tag="596" ind1=" " ind2=" ">
    <subfield code="a">Reissued in Russian for technical reasons.</subfield>
  </datafield>
  <datafield tag="610" ind1="2" ind2="7">
    <subfield code="a">UN Mission in Sierra Leone</subfield>
    <subfield code="2">unbisn</subfield>
    <subfield code="0">(DHLAUTH)554615</subfield>
  </datafield>
  <datafield tag="610" ind1="2" ind2="7">
    <subfield code="a">Revolutionary United Front of Sierra Leone</subfield>
    <subfield code="2">unbisn</subfield>
    <subfield code="0">(DHLAUTH)465372</subfield>
  </datafield>
  <datafield tag="610" ind1="2" ind2="7">
    <subfield code="a">UN Trust Fund for the Special Court for Sierra Leone</subfield>
    <subfield code="g">Budget contributions</subfield>
    <subfield code="2">unbisn</subfield>
    <subfield code="0">(DHLAUTH)620072</subfield>
  </datafield>
  <datafield tag="610" ind1="2" ind2="7">
    <subfield code="a">Special Court for Sierra Leone</subfield>
    <subfield code="2">unbisn</subfield>
    <subfield code="0">(DHLAUTH)593843</subfield>
  </datafield>
  <datafield tag="610" ind1="2" ind2="7">
    <subfield code="a">Sierra Leone. Truth and Reconciliation Commission</subfield>
    <subfield code="2">unbisn</subfield>
    <subfield code="0">(DHLAUTH)596969</subfield>
  </datafield>
  <datafield tag="610" ind1="2" ind2="7">
    <subfield code="a">Mano River Union</subfield>
    <subfield code="2">unbisn</subfield>
    <subfield code="0">(DHLAUTH)52543</subfield>
  </datafield>
  <datafield tag="610" ind1="2" ind2="7">
    <subfield code="a">Economic Community of West African States</subfield>
    <subfield code="2">unbisn</subfield>
    <subfield code="0">(DHLAUTH)19189</subfield>
  </datafield>
  <datafield tag="630" ind1="0" ind2="7">
    <subfield code="a">Agreement on Cease-fire and Cessation of Hostilities between the Government of the Republic of Sierra Leone represented by Solomon Ekuma Berewa and the Revolutionary United Front (RUF) represented by Jonathan Jim Kposowa (2000)</subfield>
    <subfield code="2">unbisn</subfield>
    <subfield code="0">(DHLAUTH)596325</subfield>
  </datafield>
  <datafield tag="630" ind1="0" ind2="7">
    <subfield code="a">Agreement between the United Nations and the Government of Sierra Leone on the Establishment of a Special Court for Sierra Leone (2002)</subfield>
    <subfield code="2">unbisn</subfield>
    <subfield code="0">(DHLAUTH)593475</subfield>
  </datafield>
  <datafield tag="650" ind1="1" ind2="7">
    <subfield code="a">PEACEKEEPING OPERATIONS</subfield>
    <subfield code="2">unbist</subfield>
    <subfield code="0">(DHLAUTH)474428</subfield>
  </datafield>
  <datafield tag="650" ind1="1" ind2="7">
    <subfield code="a">SOCIAL INTEGRATION</subfield>
    <subfield code="2">unbist</subfield>
    <subfield code="0">(DHLAUTH)274706</subfield>
  </datafield>
  <datafield tag="650" ind1="1" ind2="7">
    <subfield code="a">CIVIL SERVICE</subfield>
    <subfield code="2">unbist</subfield>
    <subfield code="0">(DHLAUTH)268595</subfield>
  </datafield>
  <datafield tag="650" ind1="1" ind2="7">
    <subfield code="a">PUBLIC SERVICES</subfield>
    <subfield code="2">unbist</subfield>
    <subfield code="0">(DHLAUTH)270026</subfield>
  </datafield>
  <datafield tag="650" ind1="1" ind2="7">
    <subfield code="a">REPATRIATION</subfield>
    <subfield code="2">unbist</subfield>
    <subfield code="0">(DHLAUTH)273009</subfield>
  </datafield>
  <datafield tag="650" ind1="1" ind2="7">
    <subfield code="a">SIERRA LEONE</subfield>
    <subfield code="2">unbist</subfield>
    <subfield code="0">(DHLAUTH)273471</subfield>
  </datafield>
  <datafield tag="650" ind1="1" ind2="7">
    <subfield code="a">PEACEBUILDING</subfield>
    <subfield code="2">unbist</subfield>
    <subfield code="0">(DHLAUTH)268714</subfield>
  </datafield>
  <datafield tag="650" ind1="1" ind2="7">
    <subfield code="a">REGIONAL SECURITY</subfield>
    <subfield code="2">unbist</subfield>
    <subfield code="0">(DHLAUTH)268589</subfield>
  </datafield>
  <datafield tag="650" ind1="1" ind2="7">
    <subfield code="a">WEST AFRICA</subfield>
    <subfield code="2">unbist</subfield>
    <subfield code="0">(DHLAUTH)275465</subfield>
  </datafield>
  <datafield tag="650" ind1="2" ind2="7">
    <subfield code="a">TROOP-CONTRIBUTING STATES</subfield>
    <subfield code="2">unbist</subfield>
    <subfield code="0">(DHLAUTH)268938</subfield>
  </datafield>
  <datafield tag="650" ind1="2" ind2="7">
    <subfield code="a">PERIODIC REPORTS</subfield>
    <subfield code="2">unbist</subfield>
    <subfield code="0">(DHLAUTH)275135</subfield>
  </datafield>
  <datafield tag="650" ind1="2" ind2="7">
    <subfield code="a">CEASEFIRES</subfield>
    <subfield code="2">unbist</subfield>
    <subfield code="0">(DHLAUTH)268709</subfield>
  </datafield>
  <datafield tag="650" ind1="2" ind2="7">
    <subfield code="a">NEGOTIATION</subfield>
    <subfield code="2">unbist</subfield>
    <subfield code="0">(DHLAUTH)268593</subfield>
  </datafield>
  <datafield tag="650" ind1="2" ind2="7">
    <subfield code="a">POLITICAL PARTIES</subfield>
    <subfield code="2">unbist</subfield>
    <subfield code="0">(DHLAUTH)268289</subfield>
  </datafield>
  <datafield tag="650" ind1="2" ind2="7">
    <subfield code="a">MILITARY DEMOBILIZATION</subfield>
    <subfield code="2">unbist</subfield>
    <subfield code="0">(DHLAUTH)268842</subfield>
  </datafield>
  <datafield tag="650" ind1="2" ind2="7">
    <subfield code="a">TRUST FUNDS</subfield>
    <subfield code="2">unbist</subfield>
    <subfield code="0">(DHLAUTH)270424</subfield>
  </datafield>
  <datafield tag="650" ind1="2" ind2="7">
    <subfield code="a">POLICE</subfield>
    <subfield code="2">unbist</subfield>
    <subfield code="0">(DHLAUTH)270025</subfield>
  </datafield>
  <datafield tag="650" ind1="2" ind2="7">
    <subfield code="a">ELECTIONS</subfield>
    <subfield code="2">unbist</subfield>
    <subfield code="0">(DHLAUTH)268341</subfield>
  </datafield>
  <datafield tag="650" ind1="2" ind2="7">
    <subfield code="a">DISPUTE SETTLEMENT</subfield>
    <subfield code="2">unbist</subfield>
    <subfield code="0">(DHLAUTH)268292</subfield>
  </datafield>
  <datafield tag="650" ind1="2" ind2="7">
    <subfield code="a">GENDER-BASED VIOLENCE</subfield>
    <subfield code="2">unbist</subfield>
    <subfield code="0">(DHLAUTH)276684</subfield>
  </datafield>
  <datafield tag="650" ind1="2" ind2="7">
    <subfield code="a">WOMEN</subfield>
    <subfield code="2">unbist</subfield>
    <subfield code="0">(DHLAUTH)273032</subfield>
  </datafield>
  <datafield tag="650" ind1="2" ind2="7">
    <subfield code="a">CHILDREN IN ARMED CONFLICTS</subfield>
    <subfield code="2">unbist</subfield>
    <subfield code="0">(DHLAUTH)276638</subfield>
  </datafield>
  <datafield tag="650" ind1="2" ind2="7">
    <subfield code="a">HUMAN RIGHTS IN ARMED CONFLICTS</subfield>
    <subfield code="2">unbist</subfield>
    <subfield code="0">(DHLAUTH)268831</subfield>
  </datafield>
  <datafield tag="650" ind1="2" ind2="7">
    <subfield code="a">CHILD ABUSE</subfield>
    <subfield code="2">unbist</subfield>
    <subfield code="0">(DHLAUTH)272956</subfield>
  </datafield>
  <datafield tag="650" ind1="2" ind2="7">
    <subfield code="a">REFUGEE CAMPS</subfield>
    <subfield code="2">unbist</subfield>
    <subfield code="0">(DHLAUTH)274386</subfield>
  </datafield>
  <datafield tag="650" ind1="2" ind2="7">
    <subfield code="a">DISPLACED PERSONS</subfield>
    <subfield code="2">unbist</subfield>
    <subfield code="0">(DHLAUTH)273028</subfield>
  </datafield>
  <datafield tag="650" ind1="2" ind2="7">
    <subfield code="a">SIERRA LEONEAN REFUGEES</subfield>
    <subfield code="2">unbist</subfield>
    <subfield code="0">(DHLAUTH)273470</subfield>
  </datafield>
  <datafield tag="650" ind1="2" ind2="7">
    <subfield code="a">REPORT PREPARATION</subfield>
    <subfield code="2">unbist</subfield>
    <subfield code="0">(DHLAUTH)275139</subfield>
  </datafield>
  <datafield tag="650" ind1="2" ind2="7">
    <subfield code="a">CRIMINAL INVESTIGATION</subfield>
    <subfield code="2">unbist</subfield>
    <subfield code="0">(DHLAUTH)274486</subfield>
  </datafield>
  <datafield tag="710" ind1="2" ind2=" ">
    <subfield code="a">UN. Security Council (57th year : 2002)</subfield>
    <subfield code="0">(DHLAUTH)616823</subfield>
  </datafield>
  <datafield tag="856" ind1="4" ind2=" ">
    <subfield code="y">العربية</subfield>
    <subfield code="9">95e246fa-6a0e-42f0-9eff-310c6fd931ad</subfield>
    <subfield code="s">94080</subfield>
    <subfield code="u">https://digitallibrary.un.org/record/460766/files/S_RES_1400%282002%29-AR.pdf</subfield>
  </datafield>
  <datafield tag="856" ind1="4" ind2=" ">
    <subfield code="y">Other</subfield>
    <subfield code="9">c4d8f9d8-98a5-4aa2-9a08-3477709d2718</subfield>
    <subfield code="s">28354</subfield>
    <subfield code="u">https://digitallibrary.un.org/record/460766/files/S_RES_1400%282002%29-DE.pdf</subfield>
  </datafield>
  <datafield tag="856" ind1="4" ind2=" ">
    <subfield code="y">English</subfield>
    <subfield code="9">cc8969c2-09d3-41a2-910a-0e4c0628c18c</subfield>
    <subfield code="s">34122</subfield>
    <subfield code="u">https://digitallibrary.un.org/record/460766/files/S_RES_1400%282002%29-EN.pdf</subfield>
  </datafield>
  <datafield tag="856" ind1="4" ind2=" ">
    <subfield code="y">Español</subfield>
    <subfield code="9">4698c289-b407-418b-a623-b3cb56c7aada</subfield>
    <subfield code="s">108838</subfield>
    <subfield code="u">https://digitallibrary.un.org/record/460766/files/S_RES_1400%282002%29-ES.pdf</subfield>
  </datafield>
  <datafield tag="856" ind1="4" ind2=" ">
    <subfield code="y">Français</subfield>
    <subfield code="9">9dca3318-cece-456e-af36-d065debd28bd</subfield>
    <subfield code="s">104857</subfield>
    <subfield code="u">https://digitallibrary.un.org/record/460766/files/S_RES_1400%282002%29-FR.pdf</subfield>
  </datafield>
  <datafield tag="856" ind1="4" ind2=" ">
    <subfield code="y">Русский</subfield>
    <subfield code="9">390ce870-f597-4d48-909b-6b2f04dd80fa</subfield>
    <subfield code="s">144920</subfield>
    <subfield code="u">https://digitallibrary.un.org/record/460766/files/S_RES_1400%282002%29-RU.pdf</subfield>
  </datafield>
  <datafield tag="856" ind1="4" ind2=" ">
    <subfield code="y">中文</subfield>
    <subfield code="9">ea597d65-ae72-49eb-ab15-db6eee302571</subfield>
    <subfield code="s">208483</subfield>
    <subfield code="u">https://digitallibrary.un.org/record/460766/files/S_RES_1400%282002%29-ZH.pdf</subfield>
  </datafield>
  <datafield tag="930" ind1=" " ind2=" ">
    <subfield code="a">UNDAP02</subfield>
  </datafield>
  <datafield tag="930" ind1=" " ind2=" ">
    <subfield code="a">SCS</subfield>
  </datafield>
  <datafield tag="930" ind1=" " ind2=" ">
    <subfield code="a">UDIQ102</subfield>
    <subfield code="b">1.3879</subfield>
  </datafield>
  <datafield tag="949" ind1=" " ind2=" ">
    <subfield code="9">S/RES/1400(2002)</subfield>
    <subfield code="b">1028751.1.1</subfield>
    <subfield code="i">1028751</subfield>
    <subfield code="k">unas</subfield>
    <subfield code="c">c. 1</subfield>
    <subfield code="l">DHL</subfield>
    <subfield code="z">t</subfield>
    <subfield code="m">14day</subfield>
    <subfield code="d">20020402000000</subfield>
  </datafield>
  <datafield tag="949" ind1=" " ind2=" ">
    <subfield code="9">S/RES/1400(2002)</subfield>
    <subfield code="b">1028752.2.1</subfield>
    <subfield code="i">1028752</subfield>
    <subfield code="k">uncs</subfield>
    <subfield code="c">c. 1</subfield>
    <subfield code="l">DHL</subfield>
    <subfield code="z">t</subfield>
    <subfield code="m">14day</subfield>
    <subfield code="d">20020402000000</subfield>
  </datafield>
  <datafield tag="949" ind1=" " ind2=" ">
    <subfield code="9">S/RES/1400(2002)</subfield>
    <subfield code="b">6712101</subfield>
    <subfield code="i">1028750</subfield>
    <subfield code="k">unes</subfield>
    <subfield code="c">c. 1</subfield>
    <subfield code="l">DHL</subfield>
    <subfield code="z">t</subfield>
    <subfield code="m">14day</subfield>
    <subfield code="d">20020402000000</subfield>
  </datafield>
  <datafield tag="949" ind1=" " ind2=" ">
    <subfield code="9">S/RES/1400(2002)</subfield>
    <subfield code="b">1028754.4.1</subfield>
    <subfield code="i">1028754</subfield>
    <subfield code="k">unrs</subfield>
    <subfield code="c">c. 1</subfield>
    <subfield code="l">DHL</subfield>
    <subfield code="z">t</subfield>
    <subfield code="m">14day</subfield>
    <subfield code="d">20020402000000</subfield>
  </datafield>
  <datafield tag="949" ind1=" " ind2=" ">
    <subfield code="9">S/RES/1400(2002)</subfield>
    <subfield code="b">1028755.5.1</subfield>
    <subfield code="i">1028755</subfield>
    <subfield code="k">unss</subfield>
    <subfield code="c">c. 1</subfield>
    <subfield code="l">DHL</subfield>
    <subfield code="z">t</subfield>
    <subfield code="m">14day</subfield>
    <subfield code="d">20020402000000</subfield>
  </datafield>
  <datafield tag="949" ind1=" " ind2=" ">
    <subfield code="9">S/RES/1400(2002)</subfield>
    <subfield code="b">1028753.3.1</subfield>
    <subfield code="i">1028753</subfield>
    <subfield code="k">unfs</subfield>
    <subfield code="c">c. 1</subfield>
    <subfield code="l">DHL</subfield>
    <subfield code="z">t</subfield>
    <subfield code="m">14day</subfield>
    <subfield code="d">20020402000000</subfield>
  </datafield>
  <datafield tag="980" ind1=" " ind2=" ">
    <subfield code="a">BIB</subfield>
  </datafield>
  <datafield tag="981" ind1=" " ind2=" ">
    <subfield code="a">Security Council</subfield>
  </datafield>
  <datafield tag="989" ind1=" " ind2=" ">
    <subfield code="a">Documents and Publications</subfield>
    <subfield code="b">Resolutions and Decisions</subfield>
    <subfield code="c">Resolutions</subfield>
  </datafield>
  <datafield tag="991" ind1="3" ind2=" ">
    <subfield code="a">S/57</subfield>
    <subfield code="b">[171]</subfield>
    <subfield code="d">SIERRA LEONE--POLITICAL CONDITIONS</subfield>
    <subfield code="z">I0172476</subfield>
    <subfield code="0">(DHLAUTH)616144</subfield>
  </datafield>
  <datafield tag="991" ind1="3" ind2=" ">
    <subfield code="a">S/57</subfield>
    <subfield code="b">[172]</subfield>
    <subfield code="d">UN MISSION IN SIERRA LEONE</subfield>
    <subfield code="z">I0172476</subfield>
    <subfield code="0">(DHLAUTH)616145</subfield>
  </datafield>
  <datafield tag="992" ind1=" " ind2=" ">
    <subfield code="a">2002-03-28</subfield>
  </datafield>
  <datafield tag="993" ind1="2" ind2=" ">
    <subfield code="a">S/2002/321</subfield>
  </datafield>
  <datafield tag="993" ind1="4" ind2=" ">
    <subfield code="a">S/PV.4500</subfield>
  </datafield>
  <datafield tag="995" ind1=" " ind2=" ">
    <subfield code="a">Decides that the mandate of UNAMSIL shall be extended for a period of 6 months from 30 Mar. 2002; welcomes the military concept of operations for UNAMSIL for 2002 outlined in paragraph 10 of the Secretary-General's report of 14 Mar. 2002 (S/2002/267), and requests the Secretary-General to inform the Council at regular intervals on progress made by UNAMSIL in the implementation of its key aspects and in the planning of its subsequent phases.</subfield>
  </datafield>
  <datafield tag="996" ind1=" " ind2=" ">
    <subfield code="a">Adopted unanimously, 4500th meeting</subfield>
  </datafield>
  <datafield tag="998" ind1=" " ind2=" ">
    <subfield code="a">20020402000000</subfield>
    <subfield code="b">ed23</subfield>
    <subfield code="c">20210701135800</subfield>
    <subfield code="d">sh35cat</subfield>
    <subfield code="x">0x00010000c3bfb96a</subfield>
    <subfield code="z">20210701202950</subfield>
  </datafield>
  <datafield tag="999" ind1=" " ind2=" ">
    <subfield code="a">rtu20020403</subfield>
    <subfield code="b">20020403</subfield>
    <subfield code="c">u</subfield>
  </datafield>
  <datafield tag="999" ind1=" " ind2=" ">
    <subfield code="a">SLc20020402</subfield>
    <subfield code="b">20020402</subfield>
    <subfield code="c">c</subfield>
  </datafield>
  <datafield tag="999" ind1=" " ind2=" ">
    <subfield code="a">SLp20020402</subfield>
    <subfield code="b">20020402</subfield>
    <subfield code="c">p</subfield>
  </datafield>
  <datafield tag="999" ind1=" " ind2=" ">
    <subfield code="a">etq20020402</subfield>
    <subfield code="b">20020402</subfield>
    <subfield code="c">q</subfield>
  </datafield>
  <datafield tag="999" ind1=" " ind2=" ">
    <subfield code="a">TAr20020402</subfield>
    <subfield code="b">20020402</subfield>
    <subfield code="c">r</subfield>
  </datafield>
  <datafield tag="999" ind1=" " ind2=" ">
    <subfield code="a">vwu20080226</subfield>
    <subfield code="b">20080226</subfield>
    <subfield code="c">u</subfield>
  </datafield>
</record>