
<record>
  <controlfield tag="000">00000nam\\2200025#a\4500</controlfield>
  <controlfield tag="001">710737</controlfield>
  <controlfield tag="005">20191106112441.0</controlfield>
  <controlfield tag="008">110916s2011\\\\usa\\\\#r\\\\\|||1|\eng\d</controlfield>
  <datafield tag="029" ind1=" " ind2=" ">
    <subfield code="a">JN</subfield>
    <subfield code="b">N1140595 E</subfield>
  </datafield>
  <datafield tag="035" ind1=" " ind2=" ">
    <subfield code="a">D955227X</subfield>
    <subfield code="z">D0382397</subfield>
  </datafield>
  <datafield tag="035" ind1=" " ind2=" ">
    <subfield code="a">(DHL)955227</subfield>
  </datafield>
  <datafield tag="039" ind1=" " ind2=" ">
    <subfield code="a">DHU</subfield>
  </datafield>
  <datafield tag="040" ind1=" " ind2=" ">
    <subfield code="a">NNUN</subfield>
    <subfield code="b">eng</subfield>
  </datafield>
  <datafield tag="041" ind1=" " ind2=" ">
    <subfield code="a">arachiengfrerusspa</subfield>
  </datafield>
  <datafield tag="049" ind1=" " ind2=" ">
    <subfield code="a">usa</subfield>
  </datafield>
  <datafield tag="089" ind1=" " ind2=" ">
    <subfield code="b">B04</subfield>
  </datafield>
  <datafield tag="089" ind1=" " ind2=" ">
    <subfield code="b">B02</subfield>
  </datafield>
  <datafield tag="091" ind1=" " ind2=" ">
    <subfield code="a">GEN</subfield>
  </datafield>
  <datafield tag="099" ind1=" " ind2=" ">
    <subfield code="a">UNH</subfield>
    <subfield code="b">DHU</subfield>
  </datafield>
  <datafield tag="191" ind1=" " ind2=" ">
    <subfield code="0">1221254</subfield>
    <subfield code="9">G55</subfield>
    <subfield code="a">A/65/882</subfield>
    <subfield code="b">A/</subfield>
    <subfield code="c">65</subfield>
    <subfield code="q">A65882</subfield>
    <subfield code="r">A65</subfield>
  </datafield>
  <datafield tag="245" ind1="1" ind2="0">
    <subfield code="a">Financing of the United Nations Peacekeeping Force in Cyprus :</subfield>
    <subfield code="b">report of the 5th Committee : General Assembly, 65th session</subfield>
  </datafield>
  <datafield tag="260" ind1=" " ind2=" ">
    <subfield code="a">[New York] :</subfield>
    <subfield code="b">UN,</subfield>
    <subfield code="c">30 June 2011</subfield>
  </datafield>
  <datafield tag="269" ind1=" " ind2=" ">
    <subfield code="a">2011-06-30</subfield>
  </datafield>
  <datafield tag="300" ind1=" " ind2=" ">
    <subfield code="a">6 p.</subfield>
  </datafield>
  <datafield tag="596" ind1=" " ind2=" ">
    <subfield code="a">Reissued in Arabic, Chinese, English and Spanish for technical reasons on 26 July 2011.</subfield>
  </datafield>
  <datafield tag="610" ind1="2" ind2="7">
    <subfield code="0">1230262</subfield>
    <subfield code="2">unbisn</subfield>
    <subfield code="a">UN Peacekeeping Force in Cyprus</subfield>
    <subfield code="g">Budget (2011-2012)</subfield>
  </datafield>
  <datafield tag="610" ind1="2" ind2="7">
    <subfield code="0">1234395</subfield>
    <subfield code="2">unbisn</subfield>
    <subfield code="a">UN Peacekeeping Force in Cyprus</subfield>
    <subfield code="g">Budget contributions (2010-2011)</subfield>
  </datafield>
  <datafield tag="610" ind1="2" ind2="7">
    <subfield code="0">1033028</subfield>
    <subfield code="2">unbisn</subfield>
    <subfield code="a">UN Peacekeeping Force in Cyprus</subfield>
    <subfield code="g">Financing</subfield>
  </datafield>
  <datafield tag="610" ind1="2" ind2="4">
    <subfield code="0">1160179</subfield>
    <subfield code="2">unbisn</subfield>
    <subfield code="a">UN Peacekeeping Force in Cyprus</subfield>
    <subfield code="g">Buildings management</subfield>
  </datafield>
  <datafield tag="610" ind1="2" ind2="7">
    <subfield code="0">1018175</subfield>
    <subfield code="2">unbisn</subfield>
    <subfield code="a">UN Logistics Base</subfield>
  </datafield>
  <datafield tag="610" ind1="2" ind2="7">
    <subfield code="0">956661</subfield>
    <subfield code="2">unbisn</subfield>
    <subfield code="a">UN. Advisory Committee on Administrative and Budgetary Questions</subfield>
    <subfield code="g">Recommendations</subfield>
  </datafield>
  <datafield tag="630" ind1="0" ind2="7">
    <subfield code="0">882271</subfield>
    <subfield code="2">unbisn</subfield>
    <subfield code="a">Tax Equalization Fund</subfield>
  </datafield>
  <datafield tag="650" ind1="1" ind2="7">
    <subfield code="0">1277954</subfield>
    <subfield code="2">unbist</subfield>
    <subfield code="a">PEACEKEEPING OPERATIONS</subfield>
  </datafield>
  <datafield tag="650" ind1="1" ind2="7">
    <subfield code="0">1283241</subfield>
    <subfield code="2">unbist</subfield>
    <subfield code="a">SPECIAL ACCOUNTS</subfield>
  </datafield>
  <datafield tag="650" ind1="1" ind2="7">
    <subfield code="0">1283766</subfield>
    <subfield code="2">unbist</subfield>
    <subfield code="a">RESOURCES ALLOCATION</subfield>
  </datafield>
  <datafield tag="650" ind1="1" ind2="7">
    <subfield code="0">1283959</subfield>
    <subfield code="2">unbist</subfield>
    <subfield code="a">FINANCIAL RESOURCES</subfield>
  </datafield>
  <datafield tag="650" ind1="1" ind2="7">
    <subfield code="0">1282522</subfield>
    <subfield code="2">unbist</subfield>
    <subfield code="a">APPROPRIATIONS</subfield>
  </datafield>
  <datafield tag="650" ind1="2" ind2="7">
    <subfield code="0">1278018</subfield>
    <subfield code="2">unbist</subfield>
    <subfield code="a">MILITARY PERSONNEL</subfield>
  </datafield>
  <datafield tag="650" ind1="2" ind2="7">
    <subfield code="0">1283221</subfield>
    <subfield code="2">unbist</subfield>
    <subfield code="a">STAFF ASSESSMENT</subfield>
  </datafield>
  <datafield tag="650" ind1="2" ind2="7">
    <subfield code="0">1283236</subfield>
    <subfield code="2">unbist</subfield>
    <subfield code="a">BUDGET PERFORMANCE</subfield>
  </datafield>
  <datafield tag="650" ind1="2" ind2="7">
    <subfield code="0">1283224</subfield>
    <subfield code="2">unbist</subfield>
    <subfield code="a">STAFF SECURITY</subfield>
  </datafield>
  <datafield tag="651" ind1="1" ind2="7">
    <subfield code="0">1282224</subfield>
    <subfield code="2">unbist</subfield>
    <subfield code="a">CYPRUS</subfield>
  </datafield>
  <datafield tag="710" ind1="2" ind2=" ">
    <subfield code="0">1226481</subfield>
    <subfield code="a">UN. General Assembly (65th sess. : 2010-2011). 5th Committee</subfield>
  </datafield>
  <datafield tag="793" ind1=" " ind2=" ">
    <subfield code="a">05</subfield>
  </datafield>
  <datafield tag="856" ind1="4" ind2=" ">
    <subfield code="s">121552</subfield>
    <subfield code="u">http://digitallibrary.un.org/record/710737/files/A_65_882-AR.pdf</subfield>
    <subfield code="y">العربية</subfield>
  </datafield>
  <datafield tag="856" ind1="4" ind2=" ">
    <subfield code="s">150086</subfield>
    <subfield code="u">http://digitallibrary.un.org/record/710737/files/A_65_882-ZH.pdf</subfield>
    <subfield code="y">中文</subfield>
  </datafield>
  <datafield tag="856" ind1="4" ind2=" ">
    <subfield code="s">44163</subfield>
    <subfield code="u">http://digitallibrary.un.org/record/710737/files/A_65_882-EN.pdf</subfield>
    <subfield code="y">English</subfield>
  </datafield>
  <datafield tag="856" ind1="4" ind2=" ">
    <subfield code="s">47030</subfield>
    <subfield code="u">http://digitallibrary.un.org/record/710737/files/A_65_882-FR.pdf</subfield>
    <subfield code="y">Français</subfield>
  </datafield>
  <datafield tag="856" ind1="4" ind2=" ">
    <subfield code="s">185920</subfield>
    <subfield code="u">http://digitallibrary.un.org/record/710737/files/A_65_882-RU.pdf</subfield>
    <subfield code="y">Русский</subfield>
  </datafield>
  <datafield tag="856" ind1="4" ind2=" ">
    <subfield code="s">146909</subfield>
    <subfield code="u">http://digitallibrary.un.org/record/710737/files/A_65_882-ES.pdf</subfield>
    <subfield code="y">Español</subfield>
  </datafield>
  <datafield tag="930" ind1=" " ind2=" ">
    <subfield code="a">UNDSE11</subfield>
  </datafield>
  <datafield tag="949" ind1=" " ind2=" ">
    <subfield code="9">A/65/882</subfield>
    <subfield code="b">1802296.5.1</subfield>
    <subfield code="c">c. 1</subfield>
    <subfield code="d">20110915200000</subfield>
    <subfield code="i">1802296</subfield>
    <subfield code="k">unss</subfield>
    <subfield code="l">DHL</subfield>
    <subfield code="m">14day</subfield>
    <subfield code="z">t</subfield>
  </datafield>
  <datafield tag="949" ind1=" " ind2=" ">
    <subfield code="9">A/65/882</subfield>
    <subfield code="b">1802295.4.1</subfield>
    <subfield code="c">c. 1</subfield>
    <subfield code="d">20110915200000</subfield>
    <subfield code="i">1802295</subfield>
    <subfield code="k">unrs</subfield>
    <subfield code="l">DHL</subfield>
    <subfield code="m">14day</subfield>
    <subfield code="z">t</subfield>
  </datafield>
  <datafield tag="949" ind1=" " ind2=" ">
    <subfield code="9">A/65/882</subfield>
    <subfield code="b">1802294.3.1</subfield>
    <subfield code="c">c. 1</subfield>
    <subfield code="d">20110915200000</subfield>
    <subfield code="i">1802294</subfield>
    <subfield code="k">unfs</subfield>
    <subfield code="l">DHL</subfield>
    <subfield code="m">14day</subfield>
    <subfield code="z">t</subfield>
  </datafield>
  <datafield tag="949" ind1=" " ind2=" ">
    <subfield code="9">A/65/882</subfield>
    <subfield code="b">10000000955227</subfield>
    <subfield code="c">c. 1</subfield>
    <subfield code="d">20110915200000</subfield>
    <subfield code="i">1802291</subfield>
    <subfield code="k">unes</subfield>
    <subfield code="l">DHL</subfield>
    <subfield code="m">14day</subfield>
    <subfield code="z">t</subfield>
  </datafield>
  <datafield tag="949" ind1=" " ind2=" ">
    <subfield code="9">A/65/882</subfield>
    <subfield code="b">1802292.1.1</subfield>
    <subfield code="c">c. 1</subfield>
    <subfield code="d">20110915200000</subfield>
    <subfield code="i">1802292</subfield>
    <subfield code="k">unas</subfield>
    <subfield code="l">DHL</subfield>
    <subfield code="m">14day</subfield>
    <subfield code="z">t</subfield>
  </datafield>
  <datafield tag="949" ind1=" " ind2=" ">
    <subfield code="9">A/65/882</subfield>
    <subfield code="b">1802293.2.1</subfield>
    <subfield code="c">c. 1</subfield>
    <subfield code="d">20110915200000</subfield>
    <subfield code="i">1802293</subfield>
    <subfield code="k">uncs</subfield>
    <subfield code="l">DHL</subfield>
    <subfield code="m">14day</subfield>
    <subfield code="z">t</subfield>
  </datafield>
  <datafield tag="980" ind1=" " ind2=" ">
    <subfield code="a">BIB</subfield>
  </datafield>
  <datafield tag="981" ind1=" " ind2=" ">
    <subfield code="a">General Assembly</subfield>
    <subfield code="b">General Assembly Plenary</subfield>
  </datafield>
  <datafield tag="989" ind1=" " ind2=" ">
    <subfield code="a">Documents and Publications</subfield>
    <subfield code="b">Reports</subfield>
    <subfield code="c">Annual and Sessional Reports</subfield>
  </datafield>
  <datafield tag="989" ind1=" " ind2=" ">
    <subfield code="a">Documents and Publications</subfield>
    <subfield code="b">Draft Resolutions and Decisions</subfield>
  </datafield>
  <datafield tag="991" ind1="1" ind2=" ">
    <subfield code="a">A/65/251</subfield>
    <subfield code="b">146</subfield>
    <subfield code="c">Financing of the United Nations Peacekeeping Force in Cyprus.</subfield>
    <subfield code="d">UN PEACEKEEPING FORCE IN CYPRUS--FINANCING</subfield>
    <subfield code="z">I</subfield>
    <subfield code="0">(DHLAUTH)779254</subfield>
  </datafield>
  <datafield tag="993" ind1="2" ind2=" ">
    <subfield code="a">A/C.5/65/L.39</subfield>
  </datafield>
  <datafield tag="998" ind1=" " ind2=" ">
    <subfield code="a">20110916054700</subfield>
    <subfield code="b">kroy</subfield>
    <subfield code="c">20160728064800</subfield>
    <subfield code="d">shkcat</subfield>
  </datafield>
  <datafield tag="999" ind1=" " ind2=" ">
    <subfield code="a">kakc20110916</subfield>
    <subfield code="b">20110916</subfield>
    <subfield code="c">c</subfield>
  </datafield>
  <datafield tag="999" ind1=" " ind2=" ">
    <subfield code="a">slr20110919</subfield>
    <subfield code="b">20110919</subfield>
    <subfield code="c">r</subfield>
  </datafield>
  <datafield tag="999" ind1=" " ind2=" ">
    <subfield code="a">krq20110916</subfield>
    <subfield code="b">20110916</subfield>
    <subfield code="c">q</subfield>
  </datafield>
  <datafield tag="999" ind1=" " ind2=" ">
    <subfield code="a">vwt20110919</subfield>
    <subfield code="b">20110919</subfield>
    <subfield code="c">t</subfield>
  </datafield>
</record>