
<record>
  <controlfield tag="000">00433nam a2200205#a 4500</controlfield>
  <controlfield tag="001">522699</controlfield>
  <controlfield tag="005">20210702051030.0</controlfield>
  <controlfield tag="008">040607c2004    usa     r     00010 eng d</controlfield>
  <datafield tag="029" ind1=" " ind2=" ">
    <subfield code="a">JN</subfield>
    <subfield code="b">N0436313 E</subfield>
  </datafield>
  <datafield tag="035" ind1=" " ind2=" ">
    <subfield code="a">D743083X</subfield>
    <subfield code="z">D0307503</subfield>
  </datafield>
  <datafield tag="035" ind1=" " ind2=" ">
    <subfield code="a">(DHL)743083</subfield>
  </datafield>
  <datafield tag="039" ind1=" " ind2=" ">
    <subfield code="a">DHU</subfield>
  </datafield>
  <datafield tag="040" ind1=" " ind2=" ">
    <subfield code="a">NNUN</subfield>
    <subfield code="b">eng</subfield>
  </datafield>
  <datafield tag="041" ind1="0" ind2=" ">
    <subfield code="a">arachiengfrerusspa</subfield>
  </datafield>
  <datafield tag="049" ind1=" " ind2=" ">
    <subfield code="a">USA</subfield>
  </datafield>
  <datafield tag="089" ind1=" " ind2=" ">
    <subfield code="b">B15</subfield>
  </datafield>
  <datafield tag="089" ind1=" " ind2=" ">
    <subfield code="b">B16</subfield>
  </datafield>
  <datafield tag="091" ind1=" " ind2=" ">
    <subfield code="a">GEN</subfield>
  </datafield>
  <datafield tag="099" ind1=" " ind2=" ">
    <subfield code="a">UNH</subfield>
    <subfield code="b">DHU</subfield>
  </datafield>
  <datafield tag="191" ind1=" " ind2=" ">
    <subfield code="a">S/2004/431</subfield>
    <subfield code="b">S/</subfield>
    <subfield code="c">59</subfield>
    <subfield code="9">X00</subfield>
    <subfield code="f">1.2595</subfield>
    <subfield code="q">S2004431</subfield>
    <subfield code="r">S59</subfield>
    <subfield code="0">(DHLAUTH)653729</subfield>
  </datafield>
  <datafield tag="245" ind1="0" ind2="0">
    <subfield code="a">Report of the Secretary-General to the Security Council on the protection of civilians in armed conflict</subfield>
  </datafield>
  <datafield tag="260" ind1=" " ind2=" ">
    <subfield code="a">[New York] :</subfield>
    <subfield code="b">UN,</subfield>
    <subfield code="c">28 May 2004</subfield>
  </datafield>
  <datafield tag="269" ind1=" " ind2=" ">
    <subfield code="a">2004-05-28</subfield>
  </datafield>
  <datafield tag="300" ind1=" " ind2=" ">
    <subfield code="a">18 p.</subfield>
  </datafield>
  <datafield tag="500" ind1=" " ind2=" ">
    <subfield code="a">Submitted pursuant to the request of the President of the Security Council contained in his statement of 20 Dec. 2002 (S/PRST/2002/41); 4th report on the subject.</subfield>
  </datafield>
  <datafield tag="520" ind1=" " ind2=" ">
    <subfield code="b">Examines the issues that are key to developing the ten-point platform, which is designed to strengthen the protection of civilians in armed conflict, which are: i) improving humanitarian access to civilians in need; ii) improving the safety and security of humanitarian personnel; iii) improving measures to respond to the security needs of refugees and internally displaced persons; iv) ensuring that the special protection and assistance requirements of children in armed conflict are fully addressed; v) ensuring that the special protection and assistance requirements of women in armed conflict are fully addressed; vi) addressing shortcomings in our approach to disarmament, demobilization, reintegration and rehabilitation; vii) addressing the impact of small arms and light weapons on civilians; viii) combating impunity; ix) developing further measures to promote the responsibility of armed groups and non-State actors; and x) ensuring the provision of the necessary resources to address the needs of vulnerable populations in "forgotten emergencies". Also identifies specific ways in which performance could be improved.</subfield>
    <subfield code="9">DAA</subfield>
  </datafield>
  <datafield tag="650" ind1="1" ind2="7">
    <subfield code="2">unbist</subfield>
    <subfield code="a">CIVILIAN PERSONS</subfield>
    <subfield code="0">(DHLAUTH)274447</subfield>
  </datafield>
  <datafield tag="650" ind1="1" ind2="7">
    <subfield code="2">unbist</subfield>
    <subfield code="a">ARMED CONFLICTS</subfield>
    <subfield code="0">(DHLAUTH)268752</subfield>
  </datafield>
  <datafield tag="650" ind1="1" ind2="7">
    <subfield code="2">unbist</subfield>
    <subfield code="a">HUMAN RIGHTS IN ARMED CONFLICTS</subfield>
    <subfield code="0">(DHLAUTH)268831</subfield>
  </datafield>
  <datafield tag="650" ind1="1" ind2="7">
    <subfield code="2">unbist</subfield>
    <subfield code="a">PEACEKEEPING OPERATIONS</subfield>
    <subfield code="0">(DHLAUTH)474428</subfield>
  </datafield>
  <datafield tag="650" ind1="2" ind2="7">
    <subfield code="2">unbist</subfield>
    <subfield code="a">RELIEF PERSONNEL</subfield>
    <subfield code="0">(DHLAUTH)276631</subfield>
  </datafield>
  <datafield tag="650" ind1="2" ind2="7">
    <subfield code="2">unbist</subfield>
    <subfield code="a">STAFF SECURITY</subfield>
    <subfield code="0">(DHLAUTH)268648</subfield>
  </datafield>
  <datafield tag="650" ind1="2" ind2="7">
    <subfield code="2">unbist</subfield>
    <subfield code="a">DISPLACED PERSONS</subfield>
    <subfield code="0">(DHLAUTH)273028</subfield>
  </datafield>
  <datafield tag="650" ind1="2" ind2="7">
    <subfield code="2">unbist</subfield>
    <subfield code="a">IMPUNITY</subfield>
    <subfield code="0">(DHLAUTH)269413</subfield>
  </datafield>
  <datafield tag="650" ind1="2" ind2="7">
    <subfield code="2">unbist</subfield>
    <subfield code="a">CHILDREN IN ARMED CONFLICTS</subfield>
    <subfield code="0">(DHLAUTH)276638</subfield>
  </datafield>
  <datafield tag="650" ind1="2" ind2="7">
    <subfield code="2">unbist</subfield>
    <subfield code="a">WOMEN</subfield>
    <subfield code="0">(DHLAUTH)273032</subfield>
  </datafield>
  <datafield tag="650" ind1="2" ind2="7">
    <subfield code="2">unbist</subfield>
    <subfield code="a">DISARMAMENT</subfield>
    <subfield code="0">(DHLAUTH)268584</subfield>
  </datafield>
  <datafield tag="650" ind1="2" ind2="7">
    <subfield code="2">unbist</subfield>
    <subfield code="a">MILITARY DEMOBILIZATION</subfield>
    <subfield code="0">(DHLAUTH)268842</subfield>
  </datafield>
  <datafield tag="650" ind1="2" ind2="7">
    <subfield code="2">unbist</subfield>
    <subfield code="a">SOCIAL INTEGRATION</subfield>
    <subfield code="0">(DHLAUTH)274706</subfield>
  </datafield>
  <datafield tag="650" ind1="2" ind2="7">
    <subfield code="2">unbist</subfield>
    <subfield code="a">ARMS EMBARGO</subfield>
    <subfield code="0">(DHLAUTH)268736</subfield>
  </datafield>
  <datafield tag="650" ind1="2" ind2="7">
    <subfield code="2">unbist</subfield>
    <subfield code="a">ILLICIT ARMS TRAFFICKING</subfield>
    <subfield code="0">(DHLAUTH)459304</subfield>
  </datafield>
  <datafield tag="650" ind1="2" ind2="7">
    <subfield code="2">unbist</subfield>
    <subfield code="a">REGIONAL COOPERATION</subfield>
    <subfield code="0">(DHLAUTH)268656</subfield>
  </datafield>
  <datafield tag="650" ind1="2" ind2="7">
    <subfield code="2">unbist</subfield>
    <subfield code="a">HUMANITARIAN ASSISTANCE</subfield>
    <subfield code="0">(DHLAUTH)268768</subfield>
  </datafield>
  <datafield tag="650" ind1="2" ind2="7">
    <subfield code="2">unbist</subfield>
    <subfield code="a">GENDER-BASED VIOLENCE</subfield>
    <subfield code="0">(DHLAUTH)276684</subfield>
  </datafield>
  <datafield tag="650" ind1="2" ind2="7">
    <subfield code="2">unbist</subfield>
    <subfield code="a">REFUGEES</subfield>
    <subfield code="0">(DHLAUTH)273031</subfield>
  </datafield>
  <datafield tag="710" ind1="2" ind2=" ">
    <subfield code="a">UN. Secretary-General</subfield>
    <subfield code="0">(DHLAUTH)10663</subfield>
  </datafield>
  <datafield tag="856" ind1="4" ind2=" ">
    <subfield code="y">العربية</subfield>
    <subfield code="9">d6688dec-0ebd-4a06-97f8-06d7fcc5ac53</subfield>
    <subfield code="s">288238</subfield>
    <subfield code="u">https://digitallibrary.un.org/record/522699/files/S_2004_431-AR.pdf</subfield>
  </datafield>
  <datafield tag="856" ind1="4" ind2=" ">
    <subfield code="y">English</subfield>
    <subfield code="9">59be0a83-06b7-4f66-a1c7-9afd04811b2e</subfield>
    <subfield code="s">89076</subfield>
    <subfield code="u">https://digitallibrary.un.org/record/522699/files/S_2004_431-EN.pdf</subfield>
  </datafield>
  <datafield tag="856" ind1="4" ind2=" ">
    <subfield code="y">Español</subfield>
    <subfield code="9">f77b6a99-0911-45af-9861-996de855b537</subfield>
    <subfield code="s">246472</subfield>
    <subfield code="u">https://digitallibrary.un.org/record/522699/files/S_2004_431-ES.pdf</subfield>
  </datafield>
  <datafield tag="856" ind1="4" ind2=" ">
    <subfield code="y">Français</subfield>
    <subfield code="9">71a309f7-e8ee-43bf-8e28-7e6e2aa4da5b</subfield>
    <subfield code="s">164821</subfield>
    <subfield code="u">https://digitallibrary.un.org/record/522699/files/S_2004_431-FR.pdf</subfield>
  </datafield>
  <datafield tag="856" ind1="4" ind2=" ">
    <subfield code="y">Русский</subfield>
    <subfield code="9">664d4805-5a26-4e20-9a5d-6d7c21b23cc3</subfield>
    <subfield code="s">374071</subfield>
    <subfield code="u">https://digitallibrary.un.org/record/522699/files/S_2004_431-RU.pdf</subfield>
  </datafield>
  <datafield tag="856" ind1="4" ind2=" ">
    <subfield code="y">中文</subfield>
    <subfield code="9">fafa1851-bec1-4b09-8930-e1739d8a06e6</subfield>
    <subfield code="s">357712</subfield>
    <subfield code="u">https://digitallibrary.un.org/record/522699/files/S_2004_431-ZH.pdf</subfield>
  </datafield>
  <datafield tag="930" ind1=" " ind2=" ">
    <subfield code="a">DAA</subfield>
  </datafield>
  <datafield tag="930" ind1=" " ind2=" ">
    <subfield code="a">UNDJU04</subfield>
  </datafield>
  <datafield tag="930" ind1=" " ind2=" ">
    <subfield code="a">UDIQ104</subfield>
    <subfield code="b">1.2595</subfield>
  </datafield>
  <datafield tag="949" ind1=" " ind2=" ">
    <subfield code="9">S/2004/431</subfield>
    <subfield code="b">1219594.2.1</subfield>
    <subfield code="i">1219594</subfield>
    <subfield code="k">uncs</subfield>
    <subfield code="c">c. 1</subfield>
    <subfield code="l">DHL</subfield>
    <subfield code="z">t</subfield>
    <subfield code="m">14day</subfield>
    <subfield code="d">20040607000000</subfield>
  </datafield>
  <datafield tag="949" ind1=" " ind2=" ">
    <subfield code="9">S/2004/431</subfield>
    <subfield code="b">7430831</subfield>
    <subfield code="i">1219592</subfield>
    <subfield code="k">unes</subfield>
    <subfield code="c">c. 1</subfield>
    <subfield code="l">DHL</subfield>
    <subfield code="z">t</subfield>
    <subfield code="m">14day</subfield>
    <subfield code="d">20040607000000</subfield>
  </datafield>
  <datafield tag="949" ind1=" " ind2=" ">
    <subfield code="9">S/2004/431</subfield>
    <subfield code="b">1219596.4.1</subfield>
    <subfield code="i">1219596</subfield>
    <subfield code="k">unrs</subfield>
    <subfield code="c">c. 1</subfield>
    <subfield code="l">DHL</subfield>
    <subfield code="z">t</subfield>
    <subfield code="m">14day</subfield>
    <subfield code="d">20040607000000</subfield>
  </datafield>
  <datafield tag="949" ind1=" " ind2=" ">
    <subfield code="9">S/2004/431</subfield>
    <subfield code="b">1219597.5.1</subfield>
    <subfield code="i">1219597</subfield>
    <subfield code="k">unss</subfield>
    <subfield code="c">c. 1</subfield>
    <subfield code="l">DHL</subfield>
    <subfield code="z">t</subfield>
    <subfield code="m">14day</subfield>
    <subfield code="d">20040607000000</subfield>
  </datafield>
  <datafield tag="949" ind1=" " ind2=" ">
    <subfield code="9">S/2004/431</subfield>
    <subfield code="b">1219595.3.1</subfield>
    <subfield code="i">1219595</subfield>
    <subfield code="k">unfs</subfield>
    <subfield code="c">c. 1</subfield>
    <subfield code="l">DHL</subfield>
    <subfield code="z">t</subfield>
    <subfield code="m">14day</subfield>
    <subfield code="d">20040607000000</subfield>
  </datafield>
  <datafield tag="949" ind1=" " ind2=" ">
    <subfield code="9">S/2004/431</subfield>
    <subfield code="b">1219593.1.1</subfield>
    <subfield code="i">1219593</subfield>
    <subfield code="k">unas</subfield>
    <subfield code="c">c. 1</subfield>
    <subfield code="l">DHL</subfield>
    <subfield code="z">t</subfield>
    <subfield code="m">14day</subfield>
    <subfield code="d">20040607000000</subfield>
  </datafield>
  <datafield tag="980" ind1=" " ind2=" ">
    <subfield code="a">BIB</subfield>
  </datafield>
  <datafield tag="981" ind1=" " ind2=" ">
    <subfield code="a">Security Council</subfield>
  </datafield>
  <datafield tag="989" ind1=" " ind2=" ">
    <subfield code="a">Documents and Publications</subfield>
    <subfield code="b">Reports</subfield>
    <subfield code="c">Secretary-General's Reports</subfield>
  </datafield>
  <datafield tag="991" ind1="3" ind2=" ">
    <subfield code="a">S/59</subfield>
    <subfield code="b">[189]</subfield>
    <subfield code="d">CIVILIAN PERSONS--ARMED CONFLICTS</subfield>
    <subfield code="z">I0182489</subfield>
    <subfield code="0">(DHLAUTH)653583</subfield>
  </datafield>
  <datafield tag="998" ind1=" " ind2=" ">
    <subfield code="a">20040607102300</subfield>
    <subfield code="b">ia25</subfield>
    <subfield code="c">20210701135800</subfield>
    <subfield code="d">sh35cat</subfield>
    <subfield code="x">0x00010000c3bfbc98</subfield>
    <subfield code="z">20210701202950</subfield>
  </datafield>
  <datafield tag="999" ind1=" " ind2=" ">
    <subfield code="a">SLa20040614</subfield>
    <subfield code="b">20040614</subfield>
    <subfield code="c">a</subfield>
  </datafield>
  <datafield tag="999" ind1=" " ind2=" ">
    <subfield code="a">pgt20040610</subfield>
    <subfield code="b">20040610</subfield>
    <subfield code="c">t</subfield>
  </datafield>
  <datafield tag="999" ind1=" " ind2=" ">
    <subfield code="a">ttc20040607</subfield>
    <subfield code="b">20040607</subfield>
    <subfield code="c">c</subfield>
  </datafield>
  <datafield tag="999" ind1=" " ind2=" ">
    <subfield code="a">iaq20040607</subfield>
    <subfield code="b">20040607</subfield>
    <subfield code="c">q</subfield>
  </datafield>
  <datafield tag="999" ind1=" " ind2=" ">
    <subfield code="a">TAr20040607</subfield>
    <subfield code="b">20040607</subfield>
    <subfield code="c">r</subfield>
  </datafield>
  <datafield tag="999" ind1=" " ind2=" ">
    <subfield code="a">vwu20071205</subfield>
    <subfield code="b">20071205</subfield>
    <subfield code="c">u</subfield>
  </datafield>
</record>