
<record>
  <controlfield tag="000">00000nam\\2200025#a\4500</controlfield>
  <controlfield tag="001">710179</controlfield>
  <controlfield tag="005">20191101145753.0</controlfield>
  <controlfield tag="008">110908s2011\\\\usa\\\\#r\\\\\|||1|\eng\d</controlfield>
  <datafield tag="029" ind1=" " ind2=" ">
    <subfield code="a">JN</subfield>
    <subfield code="b">N1148176 E</subfield>
  </datafield>
  <datafield tag="035" ind1=" " ind2=" ">
    <subfield code="a">D954622X</subfield>
    <subfield code="z">D0382185</subfield>
  </datafield>
  <datafield tag="035" ind1=" " ind2=" ">
    <subfield code="a">(DHL)954622</subfield>
  </datafield>
  <datafield tag="039" ind1=" " ind2=" ">
    <subfield code="a">DHU</subfield>
  </datafield>
  <datafield tag="040" ind1=" " ind2=" ">
    <subfield code="a">NNUN</subfield>
    <subfield code="b">eng</subfield>
  </datafield>
  <datafield tag="041" ind1=" " ind2=" ">
    <subfield code="a">arachiengfrerusspa</subfield>
  </datafield>
  <datafield tag="049" ind1=" " ind2=" ">
    <subfield code="a">usa</subfield>
  </datafield>
  <datafield tag="089" ind1=" " ind2=" ">
    <subfield code="b">B15</subfield>
  </datafield>
  <datafield tag="089" ind1=" " ind2=" ">
    <subfield code="b">B16</subfield>
  </datafield>
  <datafield tag="089" ind1=" " ind2=" ">
    <subfield code="b">B11</subfield>
  </datafield>
  <datafield tag="091" ind1=" " ind2=" ">
    <subfield code="a">GEN</subfield>
  </datafield>
  <datafield tag="099" ind1=" " ind2=" ">
    <subfield code="a">UNH</subfield>
    <subfield code="b">DHU</subfield>
  </datafield>
  <datafield tag="191" ind1=" " ind2=" ">
    <subfield code="0">1229108</subfield>
    <subfield code="9">X00</subfield>
    <subfield code="a">S/2011/549</subfield>
    <subfield code="b">S/</subfield>
    <subfield code="c">66</subfield>
    <subfield code="q">S2011549</subfield>
    <subfield code="r">S66</subfield>
  </datafield>
  <datafield tag="245" ind1="1" ind2="0">
    <subfield code="a">Report of the Secretary-General on Somalia</subfield>
  </datafield>
  <datafield tag="260" ind1=" " ind2=" ">
    <subfield code="a">[New York] :</subfield>
    <subfield code="b">UN,</subfield>
    <subfield code="c">30 Aug. 2011</subfield>
  </datafield>
  <datafield tag="269" ind1=" " ind2=" ">
    <subfield code="a">2011-08-30</subfield>
  </datafield>
  <datafield tag="300" ind1=" " ind2=" ">
    <subfield code="a">20 p. :</subfield>
    <subfield code="b">map</subfield>
  </datafield>
  <datafield tag="500" ind1=" " ind2=" ">
    <subfield code="a">Submitted pursuant to the statements of the President of the Security Council of 31 Oct. 2001 (S/PRST/2001/30) and 10 Mar. 2011 (S/PRST/2011/6) and Security Council resolutions 1863 (2009, 1872 (2009) and 1910 (2010); provides an update on major developments in Somalia during the period 28 Apr. 2011-15 Aug. 2011.</subfield>
  </datafield>
  <datafield tag="500" ind1=" " ind2=" ">
    <subfield code="a">Includes UN map no. 3690 Rev.8: Somalia (May 2011).  </subfield>
  </datafield>
  <datafield tag="610" ind1="2" ind2="7">
    <subfield code="0">1183129</subfield>
    <subfield code="2">unbisn</subfield>
    <subfield code="a">African Union Mission in Somalia</subfield>
  </datafield>
  <datafield tag="650" ind1="1" ind2="7">
    <subfield code="0">1284084</subfield>
    <subfield code="2">unbist</subfield>
    <subfield code="a">PEACEBUILDING</subfield>
  </datafield>
  <datafield tag="650" ind1="1" ind2="7">
    <subfield code="0">1277830</subfield>
    <subfield code="2">unbist</subfield>
    <subfield code="a">INTERNAL SECURITY</subfield>
  </datafield>
  <datafield tag="650" ind1="1" ind2="7">
    <subfield code="0">1277954</subfield>
    <subfield code="2">unbist</subfield>
    <subfield code="a">PEACEKEEPING OPERATIONS</subfield>
  </datafield>
  <datafield tag="650" ind1="1" ind2="7">
    <subfield code="0">1284150</subfield>
    <subfield code="2">unbist</subfield>
    <subfield code="a">SOMALIA SITUATION</subfield>
  </datafield>
  <datafield tag="650" ind1="2" ind2="7">
    <subfield code="0">1283326</subfield>
    <subfield code="2">unbist</subfield>
    <subfield code="a">PIRACY</subfield>
  </datafield>
  <datafield tag="650" ind1="2" ind2="7">
    <subfield code="0">1281005</subfield>
    <subfield code="2">unbist</subfield>
    <subfield code="a">HUMANITARIAN ASSISTANCE</subfield>
  </datafield>
  <datafield tag="650" ind1="2" ind2="7">
    <subfield code="0">1281052</subfield>
    <subfield code="2">unbist</subfield>
    <subfield code="a">HUMAN RIGHTS</subfield>
  </datafield>
  <datafield tag="650" ind1="2" ind2="7">
    <subfield code="0">1281028</subfield>
    <subfield code="2">unbist</subfield>
    <subfield code="a">CIVILIAN PERSONS</subfield>
  </datafield>
  <datafield tag="650" ind1="2" ind2="7">
    <subfield code="0">1284243</subfield>
    <subfield code="2">unbist</subfield>
    <subfield code="a">CHILDREN IN ARMED CONFLICTS</subfield>
  </datafield>
  <datafield tag="650" ind1="2" ind2="7">
    <subfield code="0">1280146</subfield>
    <subfield code="2">unbist</subfield>
    <subfield code="a">WOMEN</subfield>
  </datafield>
  <datafield tag="650" ind1="2" ind2="7">
    <subfield code="0">1277955</subfield>
    <subfield code="2">unbist</subfield>
    <subfield code="a">SANCTIONS</subfield>
  </datafield>
  <datafield tag="650" ind1="2" ind2="7">
    <subfield code="0">1278411</subfield>
    <subfield code="2">unbist</subfield>
    <subfield code="a">INSTITUTION BUILDING</subfield>
  </datafield>
  <datafield tag="650" ind1="2" ind2="7">
    <subfield code="0">1283038</subfield>
    <subfield code="2">unbist</subfield>
    <subfield code="a">RESOURCES MOBILIZATION</subfield>
  </datafield>
  <datafield tag="651" ind1="1" ind2="7">
    <subfield code="0">1282119</subfield>
    <subfield code="2">unbist</subfield>
    <subfield code="a">SOMALIA</subfield>
  </datafield>
  <datafield tag="710" ind1="2" ind2=" ">
    <subfield code="0">864434</subfield>
    <subfield code="a">UN. Secretary-General</subfield>
  </datafield>
  <datafield tag="856" ind1="4" ind2=" ">
    <subfield code="s">498560</subfield>
    <subfield code="u">http://digitallibrary.un.org/record/710179/files/S_2011_549-AR.pdf</subfield>
    <subfield code="y">العربية</subfield>
  </datafield>
  <datafield tag="856" ind1="4" ind2=" ">
    <subfield code="s">582041</subfield>
    <subfield code="u">http://digitallibrary.un.org/record/710179/files/S_2011_549-ZH.pdf</subfield>
    <subfield code="y">中文</subfield>
  </datafield>
  <datafield tag="856" ind1="4" ind2=" ">
    <subfield code="s">334350</subfield>
    <subfield code="u">http://digitallibrary.un.org/record/710179/files/S_2011_549-EN.pdf</subfield>
    <subfield code="y">English</subfield>
  </datafield>
  <datafield tag="856" ind1="4" ind2=" ">
    <subfield code="s">349291</subfield>
    <subfield code="u">http://digitallibrary.un.org/record/710179/files/S_2011_549-FR.pdf</subfield>
    <subfield code="y">Français</subfield>
  </datafield>
  <datafield tag="856" ind1="4" ind2=" ">
    <subfield code="s">576078</subfield>
    <subfield code="u">http://digitallibrary.un.org/record/710179/files/S_2011_549-RU.pdf</subfield>
    <subfield code="y">Русский</subfield>
  </datafield>
  <datafield tag="856" ind1="4" ind2=" ">
    <subfield code="s">432242</subfield>
    <subfield code="u">http://digitallibrary.un.org/record/710179/files/S_2011_549-ES.pdf</subfield>
    <subfield code="y">Español</subfield>
  </datafield>
  <datafield tag="930" ind1=" " ind2=" ">
    <subfield code="a">UNDSE11</subfield>
  </datafield>
  <datafield tag="949" ind1=" " ind2=" ">
    <subfield code="9">S/2011/549</subfield>
    <subfield code="b">1799895.4.1</subfield>
    <subfield code="c">c. 1</subfield>
    <subfield code="d">20110907200000</subfield>
    <subfield code="i">1799895</subfield>
    <subfield code="k">unrs</subfield>
    <subfield code="l">DHL</subfield>
    <subfield code="m">14day</subfield>
    <subfield code="z">t</subfield>
  </datafield>
  <datafield tag="949" ind1=" " ind2=" ">
    <subfield code="9">S/2011/549</subfield>
    <subfield code="b">1799894.3.1</subfield>
    <subfield code="c">c. 1</subfield>
    <subfield code="d">20110907200000</subfield>
    <subfield code="i">1799894</subfield>
    <subfield code="k">unfs</subfield>
    <subfield code="l">DHL</subfield>
    <subfield code="m">14day</subfield>
    <subfield code="z">t</subfield>
  </datafield>
  <datafield tag="949" ind1=" " ind2=" ">
    <subfield code="9">S/2011/549</subfield>
    <subfield code="b">1799892.1.1</subfield>
    <subfield code="c">c. 1</subfield>
    <subfield code="d">20110907200000</subfield>
    <subfield code="i">1799892</subfield>
    <subfield code="k">unas</subfield>
    <subfield code="l">DHL</subfield>
    <subfield code="m">14day</subfield>
    <subfield code="z">t</subfield>
  </datafield>
  <datafield tag="949" ind1=" " ind2=" ">
    <subfield code="9">S/2011/549</subfield>
    <subfield code="b">10000000954622</subfield>
    <subfield code="c">c. 1</subfield>
    <subfield code="d">20110907200000</subfield>
    <subfield code="i">1799891</subfield>
    <subfield code="k">unes</subfield>
    <subfield code="l">DHL</subfield>
    <subfield code="m">14day</subfield>
    <subfield code="z">t</subfield>
  </datafield>
  <datafield tag="949" ind1=" " ind2=" ">
    <subfield code="9">S/2011/549</subfield>
    <subfield code="b">1799896.5.1</subfield>
    <subfield code="c">c. 1</subfield>
    <subfield code="d">20110907200000</subfield>
    <subfield code="i">1799896</subfield>
    <subfield code="k">unss</subfield>
    <subfield code="l">DHL</subfield>
    <subfield code="m">14day</subfield>
    <subfield code="z">t</subfield>
  </datafield>
  <datafield tag="949" ind1=" " ind2=" ">
    <subfield code="9">S/2011/549</subfield>
    <subfield code="b">1799893.2.1</subfield>
    <subfield code="c">c. 1</subfield>
    <subfield code="d">20110907200000</subfield>
    <subfield code="i">1799893</subfield>
    <subfield code="k">uncs</subfield>
    <subfield code="l">DHL</subfield>
    <subfield code="m">14day</subfield>
    <subfield code="z">t</subfield>
  </datafield>
  <datafield tag="980" ind1=" " ind2=" ">
    <subfield code="a">BIB</subfield>
  </datafield>
  <datafield tag="981" ind1=" " ind2=" ">
    <subfield code="a">Security Council</subfield>
  </datafield>
  <datafield tag="989" ind1=" " ind2=" ">
    <subfield code="a">Documents and Publications</subfield>
    <subfield code="b">Reports</subfield>
    <subfield code="c">Secretary-General's Reports</subfield>
  </datafield>
  <datafield tag="991" ind1="3" ind2=" ">
    <subfield code="a">S/66</subfield>
    <subfield code="b">[84]</subfield>
    <subfield code="d">SOMALIA SITUATION</subfield>
    <subfield code="z">I</subfield>
    <subfield code="0">(DHLAUTH)792418</subfield>
  </datafield>
  <datafield tag="998" ind1=" " ind2=" ">
    <subfield code="a">20110908052000</subfield>
    <subfield code="b">mlcat</subfield>
    <subfield code="c">20160728064800</subfield>
    <subfield code="d">shkcat</subfield>
  </datafield>
  <datafield tag="999" ind1=" " ind2=" ">
    <subfield code="a">slr20110919</subfield>
    <subfield code="b">20110919</subfield>
    <subfield code="c">r</subfield>
  </datafield>
  <datafield tag="999" ind1=" " ind2=" ">
    <subfield code="a">mleq20110908</subfield>
    <subfield code="b">20110908</subfield>
    <subfield code="c">q</subfield>
  </datafield>
  <datafield tag="999" ind1=" " ind2=" ">
    <subfield code="a">mhc20110908</subfield>
    <subfield code="b">20110908</subfield>
    <subfield code="c">c</subfield>
  </datafield>
  <datafield tag="999" ind1=" " ind2=" ">
    <subfield code="a">vwt20110920</subfield>
    <subfield code="b">20110920</subfield>
    <subfield code="c">t</subfield>
  </datafield>
</record>