
<record>
  <controlfield tag="000">03756caa a2201105#  4500</controlfield>
  <controlfield tag="001">226198</controlfield>
  <controlfield tag="005">20221202212604.0</controlfield>
  <controlfield tag="008">930713s1993    usa     r           eng u</controlfield>
  <datafield tag="035" ind1=" " ind2=" ">
    <subfield code="a">D402102X</subfield>
    <subfield code="z">D9521111</subfield>
  </datafield>
  <datafield tag="035" ind1=" " ind2=" ">
    <subfield code="a">(DHL)402102</subfield>
  </datafield>
  <datafield tag="039" ind1=" " ind2=" ">
    <subfield code="a">GUN</subfield>
  </datafield>
  <datafield tag="040" ind1=" " ind2=" ">
    <subfield code="a">SzGeBNU</subfield>
    <subfield code="b">eng</subfield>
  </datafield>
  <datafield tag="041" ind1=" " ind2=" ">
    <subfield code="a">arachiengfrerusspa</subfield>
  </datafield>
  <datafield tag="049" ind1=" " ind2=" ">
    <subfield code="a">usa</subfield>
  </datafield>
  <datafield tag="069" ind1=" " ind2=" ">
    <subfield code="a">HUR</subfield>
    <subfield code="b">0102</subfield>
  </datafield>
  <datafield tag="089" ind1=" " ind2=" ">
    <subfield code="a">Resolutions and decisions (UN)</subfield>
    <subfield code="b">B01</subfield>
  </datafield>
  <datafield tag="091" ind1=" " ind2=" ">
    <subfield code="a">GEN</subfield>
  </datafield>
  <datafield tag="099" ind1=" " ind2=" ">
    <subfield code="a">UNG</subfield>
    <subfield code="b">GUN</subfield>
  </datafield>
  <datafield tag="191" ind1=" " ind2=" ">
    <subfield code="a">E/CN.4/RES/1993/7</subfield>
    <subfield code="b">E/CN.4/</subfield>
    <subfield code="c">49</subfield>
    <subfield code="d">E/CN.4/</subfield>
    <subfield code="e">RES/1993/7</subfield>
    <subfield code="f">005856</subfield>
    <subfield code="q">ECN4RES19937</subfield>
    <subfield code="r">ECN449</subfield>
    <subfield code="0">(DHLAUTH)415559</subfield>
  </datafield>
  <datafield tag="245" ind1="1" ind2="0">
    <subfield code="a">Situation of human rights in the territory of the former Yugoslavia.</subfield>
  </datafield>
  <datafield tag="269" ind1=" " ind2=" ">
    <subfield code="a">1993</subfield>
  </datafield>
  <datafield tag="500" ind1=" " ind2=" ">
    <subfield code="a">Adopted at the 34th meeting, 23 Feb. 1993.</subfield>
  </datafield>
  <datafield tag="580" ind1=" " ind2=" ">
    <subfield code="a">In: Commission on Human Rights : report on the 49th session, 1 February-12 March 1993. - E/1993/23-E/CN.4/1993/122. - 1993. - p. 52-58. - (ESCOR, 1993, Suppl. no. 3).</subfield>
  </datafield>
  <datafield tag="600" ind1="1" ind2="7">
    <subfield code="a">TURAJLIC, HAKIJA.</subfield>
    <subfield code="0">(DHLAUTH)420156</subfield>
  </datafield>
  <datafield tag="610" ind1="2" ind2="4">
    <subfield code="a">UN. Commission on Human Rights. Special Rapporteur on the Situation of Human Rights in Bosnia and Herzegovina, the Republic of Croatia and the Federal Republic of Yugoslavia</subfield>
    <subfield code="0">(DHLAUTH)203944</subfield>
  </datafield>
  <datafield tag="610" ind1="2" ind2="7">
    <subfield code="a">International Conference on the Former Yugoslavia</subfield>
    <subfield code="0">(DHLAUTH)208514</subfield>
  </datafield>
  <datafield tag="610" ind1="2" ind2="7">
    <subfield code="a">International Committee of the Red Cross</subfield>
    <subfield code="0">(DHLAUTH)51119</subfield>
  </datafield>
  <datafield tag="610" ind1="2" ind2="7">
    <subfield code="a">UNHCR</subfield>
    <subfield code="0">(DHLAUTH)28850</subfield>
  </datafield>
  <datafield tag="610" ind1="2" ind2="7">
    <subfield code="a">European Communities</subfield>
    <subfield code="0">(DHLAUTH)51519</subfield>
  </datafield>
  <datafield tag="610" ind1="2" ind2="7">
    <subfield code="a">UN Protection Force</subfield>
    <subfield code="0">(DHLAUTH)196286</subfield>
  </datafield>
  <datafield tag="610" ind1="2" ind2="7">
    <subfield code="a">UN. Commission of Experts Established pursuant to Paragraph 2 of Security Council Resolution 780 (1992)</subfield>
    <subfield code="0">(DHLAUTH)205184</subfield>
  </datafield>
  <datafield tag="610" ind1="2" ind2="7">
    <subfield code="a">UN. Commission on Human Rights. Working Group on Enforced or Involuntary Disappearances</subfield>
    <subfield code="0">(DHLAUTH)41389</subfield>
  </datafield>
  <datafield tag="611" ind1="2" ind2="7">
    <subfield code="a">Conference on Security and Co-operation in Europe</subfield>
    <subfield code="0">(DHLAUTH)89846</subfield>
  </datafield>
  <datafield tag="630" ind1="0" ind2="7">
    <subfield code="a">Geneva Conventions (1949)</subfield>
    <subfield code="0">(DHLAUTH)34637</subfield>
  </datafield>
  <datafield tag="630" ind1="0" ind2="7">
    <subfield code="a">Convention on the Prevention and Punishment of the Crime of Genocide (1948)</subfield>
    <subfield code="0">(DHLAUTH)39277</subfield>
  </datafield>
  <datafield tag="650" ind1="0" ind2="7">
    <subfield code="a">HUMAN RIGHTS</subfield>
    <subfield code="0">(DHLAUTH)274431</subfield>
  </datafield>
  <datafield tag="650" ind1="0" ind2="7">
    <subfield code="a">SLOVENIA</subfield>
    <subfield code="0">(DHLAUTH)275599</subfield>
  </datafield>
  <datafield tag="650" ind1="0" ind2="7">
    <subfield code="a">NORTH MACEDONIA</subfield>
    <subfield code="0">(DHLAUTH)275600</subfield>
  </datafield>
  <datafield tag="650" ind1="0" ind2="7">
    <subfield code="a">CROATIA</subfield>
    <subfield code="0">(DHLAUTH)273223</subfield>
  </datafield>
  <datafield tag="650" ind1="0" ind2="7">
    <subfield code="a">BOSNIA AND HERZEGOVINA</subfield>
    <subfield code="0">(DHLAUTH)275598</subfield>
  </datafield>
  <datafield tag="650" ind1="0" ind2="7">
    <subfield code="a">SANDZAK REGION</subfield>
    <subfield code="0">(DHLAUTH)277491</subfield>
  </datafield>
  <datafield tag="650" ind1="0" ind2="7">
    <subfield code="a">VOJVODINA (SERBIA)</subfield>
    <subfield code="0">(DHLAUTH)277634</subfield>
  </datafield>
  <datafield tag="650" ind1="0" ind2="7">
    <subfield code="a">SERBIA</subfield>
    <subfield code="2">unbist</subfield>
    <subfield code="0">(DHLAUTH)709958</subfield>
  </datafield>
  <datafield tag="650" ind1="0" ind2="7">
    <subfield code="a">KOSOVO (SERBIA)</subfield>
    <subfield code="0">(DHLAUTH)277188</subfield>
  </datafield>
  <datafield tag="650" ind1="0" ind2="7">
    <subfield code="a">YUGOSLAVIA</subfield>
    <subfield code="0">(DHLAUTH)273224</subfield>
  </datafield>
  <datafield tag="650" ind1="0" ind2="7">
    <subfield code="a">ETHNIC AND RACIAL GROUPS</subfield>
    <subfield code="0">(DHLAUTH)273229</subfield>
  </datafield>
  <datafield tag="650" ind1="0" ind2="7">
    <subfield code="a">SERBS</subfield>
    <subfield code="0">(DHLAUTH)273222</subfield>
  </datafield>
  <datafield tag="650" ind1="0" ind2="7">
    <subfield code="a">ALBANIANS</subfield>
    <subfield code="0">(DHLAUTH)273258</subfield>
  </datafield>
  <datafield tag="650" ind1="0" ind2="7">
    <subfield code="a">MINORITIES</subfield>
    <subfield code="0">(DHLAUTH)273128</subfield>
  </datafield>
  <datafield tag="650" ind1="0" ind2="7">
    <subfield code="a">HUMAN RIGHTS VIOLATIONS</subfield>
    <subfield code="0">(DHLAUTH)274435</subfield>
  </datafield>
  <datafield tag="650" ind1="0" ind2="7">
    <subfield code="a">HUMAN RIGHTS IN ARMED CONFLICTS</subfield>
    <subfield code="0">(DHLAUTH)268831</subfield>
  </datafield>
  <datafield tag="650" ind1="0" ind2="7">
    <subfield code="a">HUMANITARIAN ASSISTANCE</subfield>
    <subfield code="0">(DHLAUTH)268768</subfield>
  </datafield>
  <datafield tag="650" ind1="0" ind2="7">
    <subfield code="a">FORMER YUGOSLAVIA SITUATION</subfield>
    <subfield code="0">(DHLAUTH)275601</subfield>
  </datafield>
  <datafield tag="650" ind1="0" ind2="7">
    <subfield code="a">NEGOTIATION</subfield>
    <subfield code="0">(DHLAUTH)268593</subfield>
  </datafield>
  <datafield tag="650" ind1="0" ind2="7">
    <subfield code="a">DETENTION CENTRES</subfield>
    <subfield code="0">(DHLAUTH)274455</subfield>
  </datafield>
  <datafield tag="650" ind1="0" ind2="7">
    <subfield code="a">DETAINED PERSONS</subfield>
    <subfield code="0">(DHLAUTH)268490</subfield>
  </datafield>
  <datafield tag="650" ind1="0" ind2="7">
    <subfield code="a">ETHNIC CLEANSING</subfield>
    <subfield code="0">(DHLAUTH)269489</subfield>
  </datafield>
  <datafield tag="650" ind1="0" ind2="7">
    <subfield code="a">REFUGEES</subfield>
    <subfield code="0">(DHLAUTH)273031</subfield>
  </datafield>
  <datafield tag="650" ind1="0" ind2="7">
    <subfield code="a">DISPLACED PERSONS</subfield>
    <subfield code="0">(DHLAUTH)273028</subfield>
  </datafield>
  <datafield tag="650" ind1="0" ind2="7">
    <subfield code="a">ASSASSINATION</subfield>
    <subfield code="0">(DHLAUTH)268227</subfield>
  </datafield>
  <datafield tag="650" ind1="0" ind2="7">
    <subfield code="a">STAFF SECURITY</subfield>
    <subfield code="0">(DHLAUTH)268648</subfield>
  </datafield>
  <datafield tag="650" ind1="0" ind2="7">
    <subfield code="a">PRISONER TREATMENT</subfield>
    <subfield code="0">(DHLAUTH)268492</subfield>
  </datafield>
  <datafield tag="650" ind1="0" ind2="7">
    <subfield code="a">TORTURE AND OTHER CRUEL TREATMENT</subfield>
    <subfield code="0">(DHLAUTH)268493</subfield>
  </datafield>
  <datafield tag="650" ind1="0" ind2="7">
    <subfield code="a">RAPE</subfield>
    <subfield code="0">(DHLAUTH)274502</subfield>
  </datafield>
  <datafield tag="650" ind1="0" ind2="7">
    <subfield code="a">MASS GRAVES</subfield>
    <subfield code="0">(DHLAUTH)274394</subfield>
  </datafield>
  <datafield tag="650" ind1="0" ind2="7">
    <subfield code="a">CRIMINAL INVESTIGATION</subfield>
    <subfield code="0">(DHLAUTH)274486</subfield>
  </datafield>
  <datafield tag="650" ind1="0" ind2="7">
    <subfield code="a">EXPERTS</subfield>
    <subfield code="0">(DHLAUTH)269889</subfield>
  </datafield>
  <datafield tag="650" ind1="0" ind2="7">
    <subfield code="a">COMMISSIONS OF INQUIRY</subfield>
    <subfield code="0">(DHLAUTH)268291</subfield>
  </datafield>
  <datafield tag="650" ind1="0" ind2="7">
    <subfield code="a">WAR CRIMES</subfield>
    <subfield code="0">(DHLAUTH)268794</subfield>
  </datafield>
  <datafield tag="650" ind1="0" ind2="7">
    <subfield code="a">INTERNATIONAL CRIMINAL COURTS</subfield>
    <subfield code="0">(DHLAUTH)269245</subfield>
  </datafield>
  <datafield tag="650" ind1="0" ind2="7">
    <subfield code="a">PEACEKEEPING OPERATIONS</subfield>
    <subfield code="0">(DHLAUTH)474428</subfield>
  </datafield>
  <datafield tag="650" ind1="0" ind2="7">
    <subfield code="a">FACT-FINDING MISSIONS</subfield>
    <subfield code="0">(DHLAUTH)268293</subfield>
  </datafield>
  <datafield tag="650" ind1="0" ind2="7">
    <subfield code="a">SPECIAL MISSIONS</subfield>
    <subfield code="0">(DHLAUTH)268296</subfield>
  </datafield>
  <datafield tag="650" ind1="0" ind2="7">
    <subfield code="a">DISPUTE SETTLEMENT</subfield>
    <subfield code="0">(DHLAUTH)268292</subfield>
  </datafield>
  <datafield tag="650" ind1="0" ind2="7">
    <subfield code="a">RELIEF CORRIDORS</subfield>
    <subfield code="0">(DHLAUTH)273664</subfield>
  </datafield>
  <datafield tag="650" ind1="0" ind2="7">
    <subfield code="a">SAFE AREAS</subfield>
    <subfield code="0">(DHLAUTH)276712</subfield>
  </datafield>
  <datafield tag="650" ind1="0" ind2="7">
    <subfield code="a">CIVILIAN PERSONS</subfield>
    <subfield code="0">(DHLAUTH)274447</subfield>
  </datafield>
  <datafield tag="650" ind1="0" ind2="7">
    <subfield code="a">RAPE VICTIMS</subfield>
    <subfield code="0">(DHLAUTH)274620</subfield>
  </datafield>
  <datafield tag="650" ind1="0" ind2="7">
    <subfield code="a">WAR VICTIMS</subfield>
    <subfield code="0">(DHLAUTH)268796</subfield>
  </datafield>
  <datafield tag="650" ind1="0" ind2="7">
    <subfield code="a">WOMEN</subfield>
    <subfield code="0">(DHLAUTH)273032</subfield>
  </datafield>
  <datafield tag="650" ind1="0" ind2="7">
    <subfield code="a">CHILDREN</subfield>
    <subfield code="0">(DHLAUTH)269400</subfield>
  </datafield>
  <datafield tag="650" ind1="0" ind2="7">
    <subfield code="a">REHABILITATION</subfield>
    <subfield code="0">(DHLAUTH)273690</subfield>
  </datafield>
  <datafield tag="650" ind1="0" ind2="7">
    <subfield code="a">REFUGEE ASSISTANCE</subfield>
    <subfield code="0">(DHLAUTH)274385</subfield>
  </datafield>
  <datafield tag="650" ind1="0" ind2="7">
    <subfield code="a">INTERNATIONAL RELIEF</subfield>
    <subfield code="0">(DHLAUTH)273663</subfield>
  </datafield>
  <datafield tag="650" ind1="0" ind2="7">
    <subfield code="a">RECONSTRUCTION</subfield>
    <subfield code="0">(DHLAUTH)268666</subfield>
  </datafield>
  <datafield tag="650" ind1="0" ind2="7">
    <subfield code="a">DISAPPEARANCE OF PERSONS</subfield>
    <subfield code="0">(DHLAUTH)274459</subfield>
  </datafield>
  <datafield tag="650" ind1="0" ind2="7">
    <subfield code="a">INFORMATION EXCHANGE</subfield>
    <subfield code="0">(DHLAUTH)275144</subfield>
  </datafield>
  <datafield tag="650" ind1="0" ind2="7">
    <subfield code="a">INTER-AGENCY COOPERATION</subfield>
    <subfield code="0">(DHLAUTH)268578</subfield>
  </datafield>
  <datafield tag="650" ind1="0" ind2="7">
    <subfield code="a">RESOURCES ALLOCATION</subfield>
    <subfield code="0">(DHLAUTH)269658</subfield>
  </datafield>
  <datafield tag="650" ind1="0" ind2="7">
    <subfield code="a">FIELD STAFF</subfield>
    <subfield code="0">(DHLAUTH)268633</subfield>
  </datafield>
  <datafield tag="710" ind1="2" ind2="0">
    <subfield code="a">UN. Commission on Human Rights (49th sess. : 1993 : Geneva)</subfield>
    <subfield code="0">(DHLAUTH)182619</subfield>
  </datafield>
  <datafield tag="930" ind1=" " ind2=" ">
    <subfield code="a">UNDOCT93</subfield>
  </datafield>
  <datafield tag="930" ind1=" " ind2=" ">
    <subfield code="a">HUR</subfield>
    <subfield code="b">002044</subfield>
  </datafield>
  <datafield tag="930" ind1=" " ind2=" ">
    <subfield code="a">CHCSEP93</subfield>
  </datafield>
  <datafield tag="930" ind1=" " ind2=" ">
    <subfield code="a">HRR</subfield>
  </datafield>
  <datafield tag="949" ind1=" " ind2=" ">
    <subfield code="9">E/CN.4/RES/1993/7</subfield>
    <subfield code="b">mq480527</subfield>
    <subfield code="i">480527</subfield>
    <subfield code="k">gun</subfield>
    <subfield code="l">UNOG</subfield>
    <subfield code="z">i</subfield>
    <subfield code="m">unog</subfield>
    <subfield code="d">19970728000000</subfield>
  </datafield>
  <datafield tag="955" ind1=" " ind2=" ">
    <subfield code="a">11824600</subfield>
  </datafield>
  <datafield tag="980" ind1=" " ind2=" ">
    <subfield code="a">BIB</subfield>
  </datafield>
  <datafield tag="981" ind1=" " ind2=" ">
    <subfield code="a">Economic and Social Council</subfield>
  </datafield>
  <datafield tag="981" ind1=" " ind2=" ">
    <subfield code="a">Human Rights Bodies</subfield>
    <subfield code="b">Charter-Based Human Rights Bodies</subfield>
    <subfield code="c">Commission on Human Rights</subfield>
  </datafield>
  <datafield tag="989" ind1=" " ind2=" ">
    <subfield code="a">Documents and Publications</subfield>
    <subfield code="b">Resolutions and Decisions</subfield>
    <subfield code="c">Resolutions</subfield>
  </datafield>
  <datafield tag="993" ind1=" " ind2=" ">
    <subfield code="a">E/1993/23</subfield>
  </datafield>
  <datafield tag="998" ind1=" " ind2=" ">
    <subfield code="a">19970729000000</subfield>
    <subfield code="c">20220627100400</subfield>
    <subfield code="d">sh35cat</subfield>
    <subfield code="x">0x00010000c717e75e</subfield>
    <subfield code="z">20220627145028</subfield>
  </datafield>
  <datafield tag="999" ind1=" " ind2=" ">
    <subfield code="a">nmu20210608</subfield>
    <subfield code="b">20210608</subfield>
    <subfield code="c">u</subfield>
  </datafield>
</record>
</collection>
